%YAML 1.1
%TAG !u! tag:unity3d.com,2011:
--- !u!1 &5010543982644176789
GameObject:
  m_ObjectHideFlags: 0
  m_CorrespondingSourceObject: {fileID: 0}
  m_PrefabInstance: {fileID: 0}
  m_PrefabAsset: {fileID: 0}
  serializedVersion: 6
  m_Component:
  - component: {fileID: 5275629972027265357}
  - component: {fileID: 8498234969526055127}
  m_Layer: 0
  m_Name: GrountBlock
  m_TagString: Untagged
  m_Icon: {fileID: 0}
  m_NavMeshLayer: 0
  m_StaticEditorFlags: 0
  m_IsActive: 1
--- !u!4 &5275629972027265357
Transform:
  m_ObjectHideFlags: 0
  m_CorrespondingSourceObject: {fileID: 0}
  m_PrefabInstance: {fileID: 0}
  m_PrefabAsset: {fileID: 0}
  m_GameObject: {fileID: 5010543982644176789}
  m_LocalRotation: {x: 0, y: 0, z: 0, w: 1}
  m_LocalPosition: {x: 0, y: 0, z: 0}
  m_LocalScale: {x: 1, y: 1, z: 1}
  m_Children:
  - {fileID: 9211882994690221246}
  - {fileID: 5657590373053195825}
  - {fileID: 6966427494485792832}
  - {fileID: 7011329296261321016}
  - {fileID: 7427540336992882437}
  - {fileID: 7344769620299520368}
  - {fileID: 6305520816627698366}
  - {fileID: 5036274829283049913}
  - {fileID: 4925797428817202060}
  - {fileID: 4188529660583050454}
  m_Father: {fileID: 0}
  m_RootOrder: 0
  m_LocalEulerAnglesHint: {x: 0, y: 0, z: 0}
--- !u!114 &8498234969526055127
MonoBehaviour:
  m_ObjectHideFlags: 0
  m_CorrespondingSourceObject: {fileID: 0}
  m_PrefabInstance: {fileID: 0}
  m_PrefabAsset: {fileID: 0}
  m_GameObject: {fileID: 5010543982644176789}
  m_Enabled: 1
  m_EditorHideFlags: 0
  m_Script: {fileID: 11500000, guid: d1385bb08bcd7224bb8e3574f4fa6e6c, type: 3}
  m_Name: 
  m_EditorClassIdentifier: 
  groundBlocks:
  - {fileID: 6966427494485361760}
  - {fileID: 7011329296261549336}
  - {fileID: 7427540336993309477}
  - {fileID: 7344769620299941200}
  - {fileID: 6305520816627603102}
  - {fileID: 5036274829283548569}
  - {fileID: 4925797428816844716}
  - {fileID: 4188529660582879478}
--- !u!1 &6450665663423525389
GameObject:
  m_ObjectHideFlags: 0
  m_CorrespondingSourceObject: {fileID: 0}
  m_PrefabInstance: {fileID: 0}
  m_PrefabAsset: {fileID: 0}
  serializedVersion: 6
  m_Component:
  - component: {fileID: 5657590373053195825}
  - component: {fileID: 919492028966825266}
  - component: {fileID: 5272044028795353915}
  m_Layer: 0
  m_Name: L_Block02
  m_TagString: Untagged
  m_Icon: {fileID: 0}
  m_NavMeshLayer: 0
  m_StaticEditorFlags: 0
  m_IsActive: 0
--- !u!4 &5657590373053195825
Transform:
  m_ObjectHideFlags: 0
  m_CorrespondingSourceObject: {fileID: 0}
  m_PrefabInstance: {fileID: 0}
  m_PrefabAsset: {fileID: 0}
  m_GameObject: {fileID: 6450665663423525389}
  m_LocalRotation: {x: -0, y: -0, z: -0, w: 1}
  m_LocalPosition: {x: 0, y: 0.105, z: 0}
  m_LocalScale: {x: 50, y: 50, z: 50}
  m_Children: []
  m_Father: {fileID: 5275629972027265357}
  m_RootOrder: 1
  m_LocalEulerAnglesHint: {x: 0, y: 0, z: 0}
--- !u!33 &919492028966825266
MeshFilter:
  m_ObjectHideFlags: 0
  m_CorrespondingSourceObject: {fileID: 0}
  m_PrefabInstance: {fileID: 0}
  m_PrefabAsset: {fileID: 0}
  m_GameObject: {fileID: 6450665663423525389}
  m_Mesh: {fileID: 4300000, guid: 789578f05b87581449353b2588b6a803, type: 3}
--- !u!23 &5272044028795353915
MeshRenderer:
  m_ObjectHideFlags: 0
  m_CorrespondingSourceObject: {fileID: 0}
  m_PrefabInstance: {fileID: 0}
  m_PrefabAsset: {fileID: 0}
  m_GameObject: {fileID: 6450665663423525389}
  m_Enabled: 1
  m_CastShadows: 1
  m_ReceiveShadows: 1
  m_DynamicOccludee: 1
  m_MotionVectors: 1
  m_LightProbeUsage: 1
  m_ReflectionProbeUsage: 1
  m_RenderingLayerMask: 1
  m_RendererPriority: 0
  m_Materials:
  - {fileID: 2100000, guid: 323818cd1a98eb646b0b960f2ed9be65, type: 2}
  m_StaticBatchInfo:
    firstSubMesh: 0
    subMeshCount: 0
  m_StaticBatchRoot: {fileID: 0}
  m_ProbeAnchor: {fileID: 0}
  m_LightProbeVolumeOverride: {fileID: 0}
  m_ScaleInLightmap: 1
  m_PreserveUVs: 0
  m_IgnoreNormalsForChartDetection: 0
  m_ImportantGI: 0
  m_StitchLightmapSeams: 0
  m_SelectedEditorRenderState: 3
  m_MinimumChartSize: 4
  m_AutoUVMaxDistance: 0.5
  m_AutoUVMaxAngle: 89
  m_LightmapParameters: {fileID: 0}
  m_SortingLayerID: 0
  m_SortingLayer: 0
  m_SortingOrder: 0
--- !u!1 &8504666183707534140
GameObject:
  m_ObjectHideFlags: 0
  m_CorrespondingSourceObject: {fileID: 0}
  m_PrefabInstance: {fileID: 0}
  m_PrefabAsset: {fileID: 0}
  serializedVersion: 6
  m_Component:
  - component: {fileID: 9211882994690221246}
  - component: {fileID: 4638666286807096896}
  - component: {fileID: 8004065179362090570}
  m_Layer: 0
  m_Name: L_Block01 (1)
  m_TagString: Untagged
  m_Icon: {fileID: 0}
  m_NavMeshLayer: 0
  m_StaticEditorFlags: 0
  m_IsActive: 0
--- !u!4 &9211882994690221246
Transform:
  m_ObjectHideFlags: 0
  m_CorrespondingSourceObject: {fileID: 0}
  m_PrefabInstance: {fileID: 0}
  m_PrefabAsset: {fileID: 0}
  m_GameObject: {fileID: 8504666183707534140}
  m_LocalRotation: {x: -0, y: -0, z: -0, w: 1}
  m_LocalPosition: {x: 0, y: 0.105, z: 0}
  m_LocalScale: {x: 50, y: 50, z: 50}
  m_Children: []
  m_Father: {fileID: 5275629972027265357}
  m_RootOrder: 0
  m_LocalEulerAnglesHint: {x: 0, y: 0, z: 0}
--- !u!33 &4638666286807096896
MeshFilter:
  m_ObjectHideFlags: 0
  m_CorrespondingSourceObject: {fileID: 0}
  m_PrefabInstance: {fileID: 0}
  m_PrefabAsset: {fileID: 0}
  m_GameObject: {fileID: 8504666183707534140}
  m_Mesh: {fileID: 4300000, guid: 9d2992a8aaf4e3a49be62f1569bcd86b, type: 3}
--- !u!23 &8004065179362090570
MeshRenderer:
  m_ObjectHideFlags: 0
  m_CorrespondingSourceObject: {fileID: 0}
  m_PrefabInstance: {fileID: 0}
  m_PrefabAsset: {fileID: 0}
  m_GameObject: {fileID: 8504666183707534140}
  m_Enabled: 1
  m_CastShadows: 1
  m_ReceiveShadows: 1
  m_DynamicOccludee: 1
  m_MotionVectors: 1
  m_LightProbeUsage: 1
  m_ReflectionProbeUsage: 1
  m_RenderingLayerMask: 1
  m_RendererPriority: 0
  m_Materials:
  - {fileID: 2100000, guid: 056575e286a34aa4e8ef49af21f68a26, type: 2}
  m_StaticBatchInfo:
    firstSubMesh: 0
    subMeshCount: 0
  m_StaticBatchRoot: {fileID: 0}
  m_ProbeAnchor: {fileID: 0}
  m_LightProbeVolumeOverride: {fileID: 0}
  m_ScaleInLightmap: 1
  m_PreserveUVs: 0
  m_IgnoreNormalsForChartDetection: 0
  m_ImportantGI: 0
  m_StitchLightmapSeams: 0
  m_SelectedEditorRenderState: 3
  m_MinimumChartSize: 4
  m_AutoUVMaxDistance: 0.5
  m_AutoUVMaxAngle: 89
  m_LightmapParameters: {fileID: 0}
  m_SortingLayerID: 0
  m_SortingLayer: 0
  m_SortingOrder: 0
--- !u!1001 &4188529660582913616
PrefabInstance:
  m_ObjectHideFlags: 0
  serializedVersion: 2
  m_Modification:
    m_TransformParent: {fileID: 5275629972027265357}
    m_Modifications:
    - target: {fileID: 100006, guid: 75289adb5649470409e04f038ddc4730, type: 3}
      propertyPath: m_Name
      value: L_Block08
      objectReference: {fileID: 0}
    - target: {fileID: 400006, guid: 75289adb5649470409e04f038ddc4730, type: 3}
      propertyPath: m_LocalPosition.x
      value: -0
      objectReference: {fileID: 0}
    - target: {fileID: 400006, guid: 75289adb5649470409e04f038ddc4730, type: 3}
      propertyPath: m_LocalPosition.y
      value: 0
      objectReference: {fileID: 0}
    - target: {fileID: 400006, guid: 75289adb5649470409e04f038ddc4730, type: 3}
      propertyPath: m_LocalPosition.z
      value: 0
      objectReference: {fileID: 0}
    - target: {fileID: 400006, guid: 75289adb5649470409e04f038ddc4730, type: 3}
      propertyPath: m_LocalRotation.x
      value: 0
      objectReference: {fileID: 0}
    - target: {fileID: 400006, guid: 75289adb5649470409e04f038ddc4730, type: 3}
      propertyPath: m_LocalRotation.y
      value: -0
      objectReference: {fileID: 0}
    - target: {fileID: 400006, guid: 75289adb5649470409e04f038ddc4730, type: 3}
      propertyPath: m_LocalRotation.z
      value: -0
      objectReference: {fileID: 0}
    - target: {fileID: 400006, guid: 75289adb5649470409e04f038ddc4730, type: 3}
      propertyPath: m_LocalRotation.w
      value: 1
      objectReference: {fileID: 0}
    - target: {fileID: 400006, guid: 75289adb5649470409e04f038ddc4730, type: 3}
      propertyPath: m_RootOrder
      value: 9
      objectReference: {fileID: 0}
    - target: {fileID: 400006, guid: 75289adb5649470409e04f038ddc4730, type: 3}
      propertyPath: m_LocalEulerAnglesHint.x
      value: 0
      objectReference: {fileID: 0}
    - target: {fileID: 400006, guid: 75289adb5649470409e04f038ddc4730, type: 3}
      propertyPath: m_LocalEulerAnglesHint.y
      value: 0
      objectReference: {fileID: 0}
    - target: {fileID: 400006, guid: 75289adb5649470409e04f038ddc4730, type: 3}
      propertyPath: m_LocalEulerAnglesHint.z
      value: 0
      objectReference: {fileID: 0}
    - target: {fileID: 2300000, guid: 75289adb5649470409e04f038ddc4730, type: 3}
      propertyPath: m_Materials.Array.data[0]
      value: 
      objectReference: {fileID: 2100000, guid: 733fe79a1f2294445b0a573917965459, type: 2}
    m_RemovedComponents: []
  m_SourcePrefab: {fileID: 100100000, guid: 75289adb5649470409e04f038ddc4730, type: 3}
--- !u!1 &4188529660582879478 stripped
GameObject:
  m_CorrespondingSourceObject: {fileID: 100006, guid: 75289adb5649470409e04f038ddc4730,
    type: 3}
  m_PrefabInstance: {fileID: 4188529660582913616}
  m_PrefabAsset: {fileID: 0}
--- !u!4 &4188529660583050454 stripped
Transform:
  m_CorrespondingSourceObject: {fileID: 400006, guid: 75289adb5649470409e04f038ddc4730,
    type: 3}
  m_PrefabInstance: {fileID: 4188529660582913616}
  m_PrefabAsset: {fileID: 0}
--- !u!1001 &4925797428816810250
PrefabInstance:
  m_ObjectHideFlags: 0
  serializedVersion: 2
  m_Modification:
    m_TransformParent: {fileID: 5275629972027265357}
    m_Modifications:
    - target: {fileID: 100006, guid: b82cb43affbc18e44b62bf643b6fd34d, type: 3}
      propertyPath: m_Name
      value: L_Block07
      objectReference: {fileID: 0}
    - target: {fileID: 400006, guid: b82cb43affbc18e44b62bf643b6fd34d, type: 3}
      propertyPath: m_LocalPosition.x
      value: -0
      objectReference: {fileID: 0}
    - target: {fileID: 400006, guid: b82cb43affbc18e44b62bf643b6fd34d, type: 3}
      propertyPath: m_LocalPosition.y
      value: 0
      objectReference: {fileID: 0}
    - target: {fileID: 400006, guid: b82cb43affbc18e44b62bf643b6fd34d, type: 3}
      propertyPath: m_LocalPosition.z
      value: 0
      objectReference: {fileID: 0}
    - target: {fileID: 400006, guid: b82cb43affbc18e44b62bf643b6fd34d, type: 3}
      propertyPath: m_LocalRotation.x
      value: 0
      objectReference: {fileID: 0}
    - target: {fileID: 400006, guid: b82cb43affbc18e44b62bf643b6fd34d, type: 3}
      propertyPath: m_LocalRotation.y
      value: -0
      objectReference: {fileID: 0}
    - target: {fileID: 400006, guid: b82cb43affbc18e44b62bf643b6fd34d, type: 3}
      propertyPath: m_LocalRotation.z
      value: -0
      objectReference: {fileID: 0}
    - target: {fileID: 400006, guid: b82cb43affbc18e44b62bf643b6fd34d, type: 3}
      propertyPath: m_LocalRotation.w
      value: 1
      objectReference: {fileID: 0}
    - target: {fileID: 400006, guid: b82cb43affbc18e44b62bf643b6fd34d, type: 3}
      propertyPath: m_RootOrder
      value: 8
      objectReference: {fileID: 0}
    - target: {fileID: 400006, guid: b82cb43affbc18e44b62bf643b6fd34d, type: 3}
      propertyPath: m_LocalEulerAnglesHint.x
      value: 0
      objectReference: {fileID: 0}
    - target: {fileID: 400006, guid: b82cb43affbc18e44b62bf643b6fd34d, type: 3}
      propertyPath: m_LocalEulerAnglesHint.y
      value: 0
      objectReference: {fileID: 0}
    - target: {fileID: 400006, guid: b82cb43affbc18e44b62bf643b6fd34d, type: 3}
      propertyPath: m_LocalEulerAnglesHint.z
      value: 0
      objectReference: {fileID: 0}
    - target: {fileID: 2300000, guid: b82cb43affbc18e44b62bf643b6fd34d, type: 3}
      propertyPath: m_Materials.Array.data[0]
      value: 
      objectReference: {fileID: 2100000, guid: 57ed44ca62c84b5419200a80142c475a, type: 2}
    m_RemovedComponents: []
  m_SourcePrefab: {fileID: 100100000, guid: b82cb43affbc18e44b62bf643b6fd34d, type: 3}
--- !u!1 &4925797428816844716 stripped
GameObject:
  m_CorrespondingSourceObject: {fileID: 100006, guid: b82cb43affbc18e44b62bf643b6fd34d,
    type: 3}
  m_PrefabInstance: {fileID: 4925797428816810250}
  m_PrefabAsset: {fileID: 0}
--- !u!4 &4925797428817202060 stripped
Transform:
  m_CorrespondingSourceObject: {fileID: 400006, guid: b82cb43affbc18e44b62bf643b6fd34d,
    type: 3}
  m_PrefabInstance: {fileID: 4925797428816810250}
  m_PrefabAsset: {fileID: 0}
--- !u!1001 &5036274829283449663
PrefabInstance:
  m_ObjectHideFlags: 0
  serializedVersion: 2
  m_Modification:
    m_TransformParent: {fileID: 5275629972027265357}
    m_Modifications:
    - target: {fileID: 100006, guid: 87037ce124747c54cb871d6c50b3be5d, type: 3}
      propertyPath: m_Name
      value: L_Block06
      objectReference: {fileID: 0}
    - target: {fileID: 400006, guid: 87037ce124747c54cb871d6c50b3be5d, type: 3}
      propertyPath: m_LocalPosition.x
      value: -0
      objectReference: {fileID: 0}
    - target: {fileID: 400006, guid: 87037ce124747c54cb871d6c50b3be5d, type: 3}
      propertyPath: m_LocalPosition.y
      value: 0
      objectReference: {fileID: 0}
    - target: {fileID: 400006, guid: 87037ce124747c54cb871d6c50b3be5d, type: 3}
      propertyPath: m_LocalPosition.z
      value: 0
      objectReference: {fileID: 0}
    - target: {fileID: 400006, guid: 87037ce124747c54cb871d6c50b3be5d, type: 3}
      propertyPath: m_LocalRotation.x
      value: 0
      objectReference: {fileID: 0}
    - target: {fileID: 400006, guid: 87037ce124747c54cb871d6c50b3be5d, type: 3}
      propertyPath: m_LocalRotation.y
      value: -0
      objectReference: {fileID: 0}
    - target: {fileID: 400006, guid: 87037ce124747c54cb871d6c50b3be5d, type: 3}
      propertyPath: m_LocalRotation.z
      value: -0
      objectReference: {fileID: 0}
    - target: {fileID: 400006, guid: 87037ce124747c54cb871d6c50b3be5d, type: 3}
      propertyPath: m_LocalRotation.w
      value: 1
      objectReference: {fileID: 0}
    - target: {fileID: 400006, guid: 87037ce124747c54cb871d6c50b3be5d, type: 3}
      propertyPath: m_RootOrder
      value: 7
      objectReference: {fileID: 0}
    - target: {fileID: 400006, guid: 87037ce124747c54cb871d6c50b3be5d, type: 3}
      propertyPath: m_LocalEulerAnglesHint.x
      value: 0
      objectReference: {fileID: 0}
    - target: {fileID: 400006, guid: 87037ce124747c54cb871d6c50b3be5d, type: 3}
      propertyPath: m_LocalEulerAnglesHint.y
      value: 0
      objectReference: {fileID: 0}
    - target: {fileID: 400006, guid: 87037ce124747c54cb871d6c50b3be5d, type: 3}
      propertyPath: m_LocalEulerAnglesHint.z
      value: 0
      objectReference: {fileID: 0}
    - target: {fileID: 2300000, guid: 87037ce124747c54cb871d6c50b3be5d, type: 3}
      propertyPath: m_Materials.Array.data[0]
      value: 
      objectReference: {fileID: 2100000, guid: 140da912e02b0314c914594fb55a1d8b, type: 2}
    m_RemovedComponents: []
  m_SourcePrefab: {fileID: 100100000, guid: 87037ce124747c54cb871d6c50b3be5d, type: 3}
--- !u!1 &5036274829283548569 stripped
GameObject:
  m_CorrespondingSourceObject: {fileID: 100006, guid: 87037ce124747c54cb871d6c50b3be5d,
    type: 3}
  m_PrefabInstance: {fileID: 5036274829283449663}
  m_PrefabAsset: {fileID: 0}
--- !u!4 &5036274829283049913 stripped
Transform:
  m_CorrespondingSourceObject: {fileID: 400006, guid: 87037ce124747c54cb871d6c50b3be5d,
    type: 3}
  m_PrefabInstance: {fileID: 5036274829283449663}
  m_PrefabAsset: {fileID: 0}
--- !u!1001 &6305520816627568696
PrefabInstance:
  m_ObjectHideFlags: 0
  serializedVersion: 2
  m_Modification:
    m_TransformParent: {fileID: 5275629972027265357}
    m_Modifications:
    - target: {fileID: 100006, guid: 90e0bc18a0f30f64ea08c3be8af66f88, type: 3}
      propertyPath: m_Name
      value: L_Block05
      objectReference: {fileID: 0}
    - target: {fileID: 400006, guid: 90e0bc18a0f30f64ea08c3be8af66f88, type: 3}
      propertyPath: m_LocalPosition.x
      value: -0
      objectReference: {fileID: 0}
    - target: {fileID: 400006, guid: 90e0bc18a0f30f64ea08c3be8af66f88, type: 3}
      propertyPath: m_LocalPosition.y
      value: 0
      objectReference: {fileID: 0}
    - target: {fileID: 400006, guid: 90e0bc18a0f30f64ea08c3be8af66f88, type: 3}
      propertyPath: m_LocalPosition.z
      value: 0
      objectReference: {fileID: 0}
    - target: {fileID: 400006, guid: 90e0bc18a0f30f64ea08c3be8af66f88, type: 3}
      propertyPath: m_LocalRotation.x
      value: 0
      objectReference: {fileID: 0}
    - target: {fileID: 400006, guid: 90e0bc18a0f30f64ea08c3be8af66f88, type: 3}
      propertyPath: m_LocalRotation.y
      value: -0
      objectReference: {fileID: 0}
    - target: {fileID: 400006, guid: 90e0bc18a0f30f64ea08c3be8af66f88, type: 3}
      propertyPath: m_LocalRotation.z
      value: -0
      objectReference: {fileID: 0}
    - target: {fileID: 400006, guid: 90e0bc18a0f30f64ea08c3be8af66f88, type: 3}
      propertyPath: m_LocalRotation.w
      value: 1
      objectReference: {fileID: 0}
    - target: {fileID: 400006, guid: 90e0bc18a0f30f64ea08c3be8af66f88, type: 3}
      propertyPath: m_RootOrder
      value: 6
      objectReference: {fileID: 0}
    - target: {fileID: 400006, guid: 90e0bc18a0f30f64ea08c3be8af66f88, type: 3}
      propertyPath: m_LocalEulerAnglesHint.x
      value: 0
      objectReference: {fileID: 0}
    - target: {fileID: 400006, guid: 90e0bc18a0f30f64ea08c3be8af66f88, type: 3}
      propertyPath: m_LocalEulerAnglesHint.y
      value: 0
      objectReference: {fileID: 0}
    - target: {fileID: 400006, guid: 90e0bc18a0f30f64ea08c3be8af66f88, type: 3}
      propertyPath: m_LocalEulerAnglesHint.z
      value: 0
      objectReference: {fileID: 0}
    - target: {fileID: 2300000, guid: 90e0bc18a0f30f64ea08c3be8af66f88, type: 3}
      propertyPath: m_Materials.Array.data[0]
      value: 
      objectReference: {fileID: 2100000, guid: 534e4ed48c0184a4eb76a28bd1a675f5, type: 2}
    m_RemovedComponents: []
  m_SourcePrefab: {fileID: 100100000, guid: 90e0bc18a0f30f64ea08c3be8af66f88, type: 3}
--- !u!1 &6305520816627603102 stripped
GameObject:
  m_CorrespondingSourceObject: {fileID: 100006, guid: 90e0bc18a0f30f64ea08c3be8af66f88,
    type: 3}
  m_PrefabInstance: {fileID: 6305520816627568696}
  m_PrefabAsset: {fileID: 0}
--- !u!4 &6305520816627698366 stripped
Transform:
  m_CorrespondingSourceObject: {fileID: 400006, guid: 90e0bc18a0f30f64ea08c3be8af66f88,
    type: 3}
  m_PrefabInstance: {fileID: 6305520816627568696}
  m_PrefabAsset: {fileID: 0}
--- !u!1001 &6966427494485394118
PrefabInstance:
  m_ObjectHideFlags: 0
  serializedVersion: 2
  m_Modification:
    m_TransformParent: {fileID: 5275629972027265357}
    m_Modifications:
    - target: {fileID: 100006, guid: 3c0af43b63a3346449e0c1f91a9cb824, type: 3}
      propertyPath: m_Name
      value: L_Block01
      objectReference: {fileID: 0}
    - target: {fileID: 400006, guid: 3c0af43b63a3346449e0c1f91a9cb824, type: 3}
      propertyPath: m_LocalPosition.x
      value: -0
      objectReference: {fileID: 0}
    - target: {fileID: 400006, guid: 3c0af43b63a3346449e0c1f91a9cb824, type: 3}
      propertyPath: m_LocalPosition.y
      value: 0
      objectReference: {fileID: 0}
    - target: {fileID: 400006, guid: 3c0af43b63a3346449e0c1f91a9cb824, type: 3}
      propertyPath: m_LocalPosition.z
      value: 0
      objectReference: {fileID: 0}
    - target: {fileID: 400006, guid: 3c0af43b63a3346449e0c1f91a9cb824, type: 3}
      propertyPath: m_LocalRotation.x
      value: 0
      objectReference: {fileID: 0}
    - target: {fileID: 400006, guid: 3c0af43b63a3346449e0c1f91a9cb824, type: 3}
      propertyPath: m_LocalRotation.y
      value: -0
      objectReference: {fileID: 0}
    - target: {fileID: 400006, guid: 3c0af43b63a3346449e0c1f91a9cb824, type: 3}
      propertyPath: m_LocalRotation.z
      value: -0
      objectReference: {fileID: 0}
    - target: {fileID: 400006, guid: 3c0af43b63a3346449e0c1f91a9cb824, type: 3}
      propertyPath: m_LocalRotation.w
      value: 1
      objectReference: {fileID: 0}
    - target: {fileID: 400006, guid: 3c0af43b63a3346449e0c1f91a9cb824, type: 3}
      propertyPath: m_RootOrder
      value: 2
      objectReference: {fileID: 0}
    - target: {fileID: 400006, guid: 3c0af43b63a3346449e0c1f91a9cb824, type: 3}
      propertyPath: m_LocalEulerAnglesHint.x
      value: 0
      objectReference: {fileID: 0}
    - target: {fileID: 400006, guid: 3c0af43b63a3346449e0c1f91a9cb824, type: 3}
      propertyPath: m_LocalEulerAnglesHint.y
      value: 0
      objectReference: {fileID: 0}
    - target: {fileID: 400006, guid: 3c0af43b63a3346449e0c1f91a9cb824, type: 3}
      propertyPath: m_LocalEulerAnglesHint.z
      value: 0
      objectReference: {fileID: 0}
    - target: {fileID: 2300000, guid: 3c0af43b63a3346449e0c1f91a9cb824, type: 3}
      propertyPath: m_Materials.Array.data[0]
      value: 
      objectReference: {fileID: 2100000, guid: 056575e286a34aa4e8ef49af21f68a26, type: 2}
    m_RemovedComponents: []
  m_SourcePrefab: {fileID: 100100000, guid: 3c0af43b63a3346449e0c1f91a9cb824, type: 3}
--- !u!1 &6966427494485361760 stripped
GameObject:
  m_CorrespondingSourceObject: {fileID: 100006, guid: 3c0af43b63a3346449e0c1f91a9cb824,
    type: 3}
  m_PrefabInstance: {fileID: 6966427494485394118}
  m_PrefabAsset: {fileID: 0}
--- !u!4 &6966427494485792832 stripped
Transform:
  m_CorrespondingSourceObject: {fileID: 400006, guid: 3c0af43b63a3346449e0c1f91a9cb824,
    type: 3}
  m_PrefabInstance: {fileID: 6966427494485394118}
  m_PrefabAsset: {fileID: 0}
--- !u!1001 &7011329296261450686
PrefabInstance:
  m_ObjectHideFlags: 0
  serializedVersion: 2
  m_Modification:
    m_TransformParent: {fileID: 5275629972027265357}
    m_Modifications:
    - target: {fileID: 100006, guid: 9d6e28f76cf5fb6468d470d49dcbd5e1, type: 3}
      propertyPath: m_Name
      value: L_Block02 (1)
      objectReference: {fileID: 0}
    - target: {fileID: 400006, guid: 9d6e28f76cf5fb6468d470d49dcbd5e1, type: 3}
      propertyPath: m_LocalPosition.x
      value: -0
      objectReference: {fileID: 0}
    - target: {fileID: 400006, guid: 9d6e28f76cf5fb6468d470d49dcbd5e1, type: 3}
      propertyPath: m_LocalPosition.y
      value: 0
      objectReference: {fileID: 0}
    - target: {fileID: 400006, guid: 9d6e28f76cf5fb6468d470d49dcbd5e1, type: 3}
      propertyPath: m_LocalPosition.z
      value: 0
      objectReference: {fileID: 0}
    - target: {fileID: 400006, guid: 9d6e28f76cf5fb6468d470d49dcbd5e1, type: 3}
      propertyPath: m_LocalRotation.x
      value: 0
      objectReference: {fileID: 0}
    - target: {fileID: 400006, guid: 9d6e28f76cf5fb6468d470d49dcbd5e1, type: 3}
      propertyPath: m_LocalRotation.y
      value: -0
      objectReference: {fileID: 0}
    - target: {fileID: 400006, guid: 9d6e28f76cf5fb6468d470d49dcbd5e1, type: 3}
      propertyPath: m_LocalRotation.z
      value: -0
      objectReference: {fileID: 0}
    - target: {fileID: 400006, guid: 9d6e28f76cf5fb6468d470d49dcbd5e1, type: 3}
      propertyPath: m_LocalRotation.w
      value: 1
      objectReference: {fileID: 0}
    - target: {fileID: 400006, guid: 9d6e28f76cf5fb6468d470d49dcbd5e1, type: 3}
      propertyPath: m_RootOrder
      value: 3
      objectReference: {fileID: 0}
    - target: {fileID: 400006, guid: 9d6e28f76cf5fb6468d470d49dcbd5e1, type: 3}
      propertyPath: m_LocalEulerAnglesHint.x
      value: 0
      objectReference: {fileID: 0}
    - target: {fileID: 400006, guid: 9d6e28f76cf5fb6468d470d49dcbd5e1, type: 3}
      propertyPath: m_LocalEulerAnglesHint.y
      value: 0
      objectReference: {fileID: 0}
    - target: {fileID: 400006, guid: 9d6e28f76cf5fb6468d470d49dcbd5e1, type: 3}
      propertyPath: m_LocalEulerAnglesHint.z
      value: 0
      objectReference: {fileID: 0}
    - target: {fileID: 2300000, guid: 9d6e28f76cf5fb6468d470d49dcbd5e1, type: 3}
      propertyPath: m_Materials.Array.data[0]
      value: 
      objectReference: {fileID: 2100000, guid: 323818cd1a98eb646b0b960f2ed9be65, type: 2}
    m_RemovedComponents: []
  m_SourcePrefab: {fileID: 100100000, guid: 9d6e28f76cf5fb6468d470d49dcbd5e1, type: 3}
--- !u!1 &7011329296261549336 stripped
GameObject:
  m_CorrespondingSourceObject: {fileID: 100006, guid: 9d6e28f76cf5fb6468d470d49dcbd5e1,
    type: 3}
  m_PrefabInstance: {fileID: 7011329296261450686}
  m_PrefabAsset: {fileID: 0}
--- !u!4 &7011329296261321016 stripped
Transform:
  m_CorrespondingSourceObject: {fileID: 400006, guid: 9d6e28f76cf5fb6468d470d49dcbd5e1,
    type: 3}
  m_PrefabInstance: {fileID: 7011329296261450686}
  m_PrefabAsset: {fileID: 0}
--- !u!1001 &7344769620299908086
PrefabInstance:
  m_ObjectHideFlags: 0
  serializedVersion: 2
  m_Modification:
    m_TransformParent: {fileID: 5275629972027265357}
    m_Modifications:
    - target: {fileID: 100006, guid: 72e5a39fd01998043a5a9a5f8e897baf, type: 3}
      propertyPath: m_Name
      value: L_Block04
      objectReference: {fileID: 0}
    - target: {fileID: 400006, guid: 72e5a39fd01998043a5a9a5f8e897baf, type: 3}
      propertyPath: m_LocalPosition.x
      value: -0
      objectReference: {fileID: 0}
    - target: {fileID: 400006, guid: 72e5a39fd01998043a5a9a5f8e897baf, type: 3}
      propertyPath: m_LocalPosition.y
      value: 0
      objectReference: {fileID: 0}
    - target: {fileID: 400006, guid: 72e5a39fd01998043a5a9a5f8e897baf, type: 3}
      propertyPath: m_LocalPosition.z
      value: 0
      objectReference: {fileID: 0}
    - target: {fileID: 400006, guid: 72e5a39fd01998043a5a9a5f8e897baf, type: 3}
      propertyPath: m_LocalRotation.x
      value: 0
      objectReference: {fileID: 0}
    - target: {fileID: 400006, guid: 72e5a39fd01998043a5a9a5f8e897baf, type: 3}
      propertyPath: m_LocalRotation.y
      value: -0
      objectReference: {fileID: 0}
    - target: {fileID: 400006, guid: 72e5a39fd01998043a5a9a5f8e897baf, type: 3}
      propertyPath: m_LocalRotation.z
      value: -0
      objectReference: {fileID: 0}
    - target: {fileID: 400006, guid: 72e5a39fd01998043a5a9a5f8e897baf, type: 3}
      propertyPath: m_LocalRotation.w
      value: 1
      objectReference: {fileID: 0}
    - target: {fileID: 400006, guid: 72e5a39fd01998043a5a9a5f8e897baf, type: 3}
      propertyPath: m_RootOrder
      value: 5
      objectReference: {fileID: 0}
    - target: {fileID: 400006, guid: 72e5a39fd01998043a5a9a5f8e897baf, type: 3}
      propertyPath: m_LocalEulerAnglesHint.x
      value: 0
      objectReference: {fileID: 0}
    - target: {fileID: 400006, guid: 72e5a39fd01998043a5a9a5f8e897baf, type: 3}
      propertyPath: m_LocalEulerAnglesHint.y
      value: 0
      objectReference: {fileID: 0}
    - target: {fileID: 400006, guid: 72e5a39fd01998043a5a9a5f8e897baf, type: 3}
      propertyPath: m_LocalEulerAnglesHint.z
      value: 0
      objectReference: {fileID: 0}
    - target: {fileID: 2300000, guid: 72e5a39fd01998043a5a9a5f8e897baf, type: 3}
      propertyPath: m_Materials.Array.data[0]
      value: 
      objectReference: {fileID: 2100000, guid: ba712787f1fc12141917f5d3054b8159, type: 2}
    m_RemovedComponents: []
  m_SourcePrefab: {fileID: 100100000, guid: 72e5a39fd01998043a5a9a5f8e897baf, type: 3}
--- !u!4 &7344769620299520368 stripped
Transform:
  m_CorrespondingSourceObject: {fileID: 400006, guid: 72e5a39fd01998043a5a9a5f8e897baf,
    type: 3}
  m_PrefabInstance: {fileID: 7344769620299908086}
  m_PrefabAsset: {fileID: 0}
--- !u!1 &7344769620299941200 stripped
GameObject:
  m_CorrespondingSourceObject: {fileID: 100006, guid: 72e5a39fd01998043a5a9a5f8e897baf,
    type: 3}
  m_PrefabInstance: {fileID: 7344769620299908086}
  m_PrefabAsset: {fileID: 0}
--- !u!1001 &7427540336993277315
PrefabInstance:
  m_ObjectHideFlags: 0
  serializedVersion: 2
  m_Modification:
    m_TransformParent: {fileID: 5275629972027265357}
    m_Modifications:
    - target: {fileID: 100006, guid: b2c4f7f00da45ae4e96bbeeab4a5c180, type: 3}
      propertyPath: m_Name
      value: L_Block03
      objectReference: {fileID: 0}
    - target: {fileID: 400006, guid: b2c4f7f00da45ae4e96bbeeab4a5c180, type: 3}
      propertyPath: m_LocalPosition.x
      value: -0
      objectReference: {fileID: 0}
    - target: {fileID: 400006, guid: b2c4f7f00da45ae4e96bbeeab4a5c180, type: 3}
      propertyPath: m_LocalPosition.y
      value: 0
      objectReference: {fileID: 0}
    - target: {fileID: 400006, guid: b2c4f7f00da45ae4e96bbeeab4a5c180, type: 3}
      propertyPath: m_LocalPosition.z
      value: 0
      objectReference: {fileID: 0}
    - target: {fileID: 400006, guid: b2c4f7f00da45ae4e96bbeeab4a5c180, type: 3}
      propertyPath: m_LocalRotation.x
      value: 0
      objectReference: {fileID: 0}
    - target: {fileID: 400006, guid: b2c4f7f00da45ae4e96bbeeab4a5c180, type: 3}
      propertyPath: m_LocalRotation.y
      value: -0
      objectReference: {fileID: 0}
    - target: {fileID: 400006, guid: b2c4f7f00da45ae4e96bbeeab4a5c180, type: 3}
      propertyPath: m_LocalRotation.z
      value: -0
      objectReference: {fileID: 0}
    - target: {fileID: 400006, guid: b2c4f7f00da45ae4e96bbeeab4a5c180, type: 3}
      propertyPath: m_LocalRotation.w
      value: 1
      objectReference: {fileID: 0}
    - target: {fileID: 400006, guid: b2c4f7f00da45ae4e96bbeeab4a5c180, type: 3}
      propertyPath: m_RootOrder
      value: 4
      objectReference: {fileID: 0}
    - target: {fileID: 400006, guid: b2c4f7f00da45ae4e96bbeeab4a5c180, type: 3}
      propertyPath: m_LocalEulerAnglesHint.x
      value: 0
      objectReference: {fileID: 0}
    - target: {fileID: 400006, guid: b2c4f7f00da45ae4e96bbeeab4a5c180, type: 3}
      propertyPath: m_LocalEulerAnglesHint.y
      value: 0
      objectReference: {fileID: 0}
    - target: {fileID: 400006, guid: b2c4f7f00da45ae4e96bbeeab4a5c180, type: 3}
      propertyPath: m_LocalEulerAnglesHint.z
      value: 0
      objectReference: {fileID: 0}
    - target: {fileID: 2300000, guid: b2c4f7f00da45ae4e96bbeeab4a5c180, type: 3}
      propertyPath: m_Materials.Array.data[0]
      value: 
      objectReference: {fileID: 2100000, guid: 4184b15ed7f09f6448b969a3e54b5db8, type: 2}
    m_RemovedComponents: []
  m_SourcePrefab: {fileID: 100100000, guid: b2c4f7f00da45ae4e96bbeeab4a5c180, type: 3}
--- !u!1 &7427540336993309477 stripped
GameObject:
  m_CorrespondingSourceObject: {fileID: 100006, guid: b2c4f7f00da45ae4e96bbeeab4a5c180,
    type: 3}
  m_PrefabInstance: {fileID: 7427540336993277315}
  m_PrefabAsset: {fileID: 0}
--- !u!4 &7427540336992882437 stripped
Transform:
  m_CorrespondingSourceObject: {fileID: 400006, guid: b2c4f7f00da45ae4e96bbeeab4a5c180,
    type: 3}
  m_PrefabInstance: {fileID: 7427540336993277315}
  m_PrefabAsset: {fileID: 0}
