%YAML 1.1
%TAG !u! tag:unity3d.com,2011:
--- !u!1 &784749025550606259
GameObject:
  m_ObjectHideFlags: 0
  m_CorrespondingSourceObject: {fileID: 0}
  m_PrefabInstance: {fileID: 0}
  m_PrefabAsset: {fileID: 0}
  serializedVersion: 6
  m_Component:
  - component: {fileID: 7750516807084629106}
  - component: {fileID: 4784811566390093244}
  m_Layer: 0
  m_Name: blobShadow
  m_TagString: Untagged
  m_Icon: {fileID: 0}
  m_NavMeshLayer: 0
  m_StaticEditorFlags: 0
  m_IsActive: 1
--- !u!4 &7750516807084629106
Transform:
  m_ObjectHideFlags: 0
  m_CorrespondingSourceObject: {fileID: 0}
  m_PrefabInstance: {fileID: 0}
  m_PrefabAsset: {fileID: 0}
  m_GameObject: {fileID: 784749025550606259}
  m_LocalRotation: {x: 0.7071068, y: 0, z: 0, w: 0.7071068}
  m_LocalPosition: {x: 0, y: 0.02, z: 0}
  m_LocalScale: {x: 0.05, y: 0.05, z: 0.05}
  m_Children: []
  m_Father: {fileID: 2016121735759144576}
  m_RootOrder: 2
  m_LocalEulerAnglesHint: {x: 90, y: 0, z: 0}
--- !u!212 &4784811566390093244
SpriteRenderer:
  m_ObjectHideFlags: 0
  m_CorrespondingSourceObject: {fileID: 0}
  m_PrefabInstance: {fileID: 0}
  m_PrefabAsset: {fileID: 0}
  m_GameObject: {fileID: 784749025550606259}
  m_Enabled: 1
  m_CastShadows: 0
  m_ReceiveShadows: 0
  m_DynamicOccludee: 1
  m_MotionVectors: 1
  m_LightProbeUsage: 1
  m_ReflectionProbeUsage: 1
  m_RenderingLayerMask: 1
  m_RendererPriority: 0
  m_Materials:
  - {fileID: 10754, guid: 0000000000000000f000000000000000, type: 0}
  m_StaticBatchInfo:
    firstSubMesh: 0
    subMeshCount: 0
  m_StaticBatchRoot: {fileID: 0}
  m_ProbeAnchor: {fileID: 0}
  m_LightProbeVolumeOverride: {fileID: 0}
  m_ScaleInLightmap: 1
  m_PreserveUVs: 0
  m_IgnoreNormalsForChartDetection: 0
  m_ImportantGI: 0
  m_StitchLightmapSeams: 0
  m_SelectedEditorRenderState: 0
  m_MinimumChartSize: 4
  m_AutoUVMaxDistance: 0.5
  m_AutoUVMaxAngle: 89
  m_LightmapParameters: {fileID: 0}
  m_SortingLayerID: 0
  m_SortingLayer: 0
  m_SortingOrder: 0
  m_Sprite: {fileID: 21300000, guid: 4d50f27933b47b646ac86d79d2317aec, type: 3}
  m_Color: {r: 1, g: 1, b: 1, a: 0.48235294}
  m_FlipX: 0
  m_FlipY: 0
  m_DrawMode: 0
  m_Size: {x: 6.96, y: 6.96}
  m_AdaptiveModeThreshold: 0.5
  m_SpriteTileMode: 0
  m_WasSpriteAssigned: 1
  m_MaskInteraction: 0
  m_SpriteSortPoint: 0
--- !u!1 &2016121735202068462
GameObject:
  m_ObjectHideFlags: 0
  m_CorrespondingSourceObject: {fileID: 0}
  m_PrefabInstance: {fileID: 0}
  m_PrefabAsset: {fileID: 0}
  serializedVersion: 6
  m_Component:
  - component: {fileID: 2016121735202068461}
  - component: {fileID: 2016121735202068450}
  - component: {fileID: 2016121735202068451}
  - component: {fileID: 2016121735202068460}
  m_Layer: 0
  m_Name: Cube
  m_TagString: Untagged
  m_Icon: {fileID: 0}
  m_NavMeshLayer: 0
  m_StaticEditorFlags: 0
  m_IsActive: 0
--- !u!4 &2016121735202068461
Transform:
  m_ObjectHideFlags: 0
  m_CorrespondingSourceObject: {fileID: 0}
  m_PrefabInstance: {fileID: 0}
  m_PrefabAsset: {fileID: 0}
  m_GameObject: {fileID: 2016121735202068462}
  m_LocalRotation: {x: -0, y: -0, z: -0, w: 1}
  m_LocalPosition: {x: 0, y: 0, z: 0}
  m_LocalScale: {x: 0.19645934, y: 0.17428909, z: 0.43403}
  m_Children:
  - {fileID: 2016121736085765939}
  m_Father: {fileID: 2016121735759144576}
  m_RootOrder: 0
  m_LocalEulerAnglesHint: {x: 0, y: 0, z: 0}
--- !u!33 &2016121735202068450
MeshFilter:
  m_ObjectHideFlags: 0
  m_CorrespondingSourceObject: {fileID: 0}
  m_PrefabInstance: {fileID: 0}
  m_PrefabAsset: {fileID: 0}
  m_GameObject: {fileID: 2016121735202068462}
  m_Mesh: {fileID: 10202, guid: 0000000000000000e000000000000000, type: 0}
--- !u!23 &2016121735202068451
MeshRenderer:
  m_ObjectHideFlags: 0
  m_CorrespondingSourceObject: {fileID: 0}
  m_PrefabInstance: {fileID: 0}
  m_PrefabAsset: {fileID: 0}
  m_GameObject: {fileID: 2016121735202068462}
  m_Enabled: 1
  m_CastShadows: 1
  m_ReceiveShadows: 1
  m_DynamicOccludee: 1
  m_MotionVectors: 1
  m_LightProbeUsage: 1
  m_ReflectionProbeUsage: 1
  m_RenderingLayerMask: 1
  m_RendererPriority: 0
  m_Materials:
  - {fileID: 10303, guid: 0000000000000000f000000000000000, type: 0}
  m_StaticBatchInfo:
    firstSubMesh: 0
    subMeshCount: 0
  m_StaticBatchRoot: {fileID: 0}
  m_ProbeAnchor: {fileID: 0}
  m_LightProbeVolumeOverride: {fileID: 0}
  m_ScaleInLightmap: 1
  m_PreserveUVs: 0
  m_IgnoreNormalsForChartDetection: 0
  m_ImportantGI: 0
  m_StitchLightmapSeams: 0
  m_SelectedEditorRenderState: 3
  m_MinimumChartSize: 4
  m_AutoUVMaxDistance: 0.5
  m_AutoUVMaxAngle: 89
  m_LightmapParameters: {fileID: 0}
  m_SortingLayerID: 0
  m_SortingLayer: 0
  m_SortingOrder: 0
--- !u!65 &2016121735202068460
BoxCollider:
  m_ObjectHideFlags: 0
  m_CorrespondingSourceObject: {fileID: 0}
  m_PrefabInstance: {fileID: 0}
  m_PrefabAsset: {fileID: 0}
  m_GameObject: {fileID: 2016121735202068462}
  m_Material: {fileID: 0}
  m_IsTrigger: 0
  m_Enabled: 1
  serializedVersion: 2
  m_Size: {x: 1, y: 1, z: 1}
  m_Center: {x: 0, y: 0, z: 0}
--- !u!1 &2016121735759144578
GameObject:
  m_ObjectHideFlags: 0
  m_CorrespondingSourceObject: {fileID: 0}
  m_PrefabInstance: {fileID: 0}
  m_PrefabAsset: {fileID: 0}
  serializedVersion: 6
  m_Component:
  - component: {fileID: 2016121735759144576}
  - component: {fileID: 2016121735759144577}
  m_Layer: 0
  m_Name: personAnim
  m_TagString: Untagged
  m_Icon: {fileID: 0}
  m_NavMeshLayer: 0
  m_StaticEditorFlags: 0
  m_IsActive: 1
--- !u!4 &2016121735759144576
Transform:
  m_ObjectHideFlags: 0
  m_CorrespondingSourceObject: {fileID: 0}
  m_PrefabInstance: {fileID: 0}
  m_PrefabAsset: {fileID: 0}
  m_GameObject: {fileID: 2016121735759144578}
  m_LocalRotation: {x: -0, y: -0, z: -0, w: 1}
  m_LocalPosition: {x: 0, y: 0, z: 0}
  m_LocalScale: {x: 1, y: 1, z: 1}
  m_Children:
  - {fileID: 2016121735202068461}
  - {fileID: 150727943969868183}
  - {fileID: 7750516807084629106}
  m_Father: {fileID: 2016121735796023975}
  m_RootOrder: 0
  m_LocalEulerAnglesHint: {x: 0, y: 0, z: 0}
--- !u!95 &2016121735759144577
Animator:
  serializedVersion: 3
  m_ObjectHideFlags: 0
  m_CorrespondingSourceObject: {fileID: 0}
  m_PrefabInstance: {fileID: 0}
  m_PrefabAsset: {fileID: 0}
  m_GameObject: {fileID: 2016121735759144578}
  m_Enabled: 1
  m_Avatar: {fileID: 0}
  m_Controller: {fileID: 9100000, guid: 5aeee712facbd524eae0abed3842af22, type: 2}
  m_CullingMode: 0
  m_UpdateMode: 0
  m_ApplyRootMotion: 1
  m_LinearVelocityBlending: 0
  m_WarningMessage: 
  m_HasTransformHierarchy: 1
  m_AllowConstantClipSamplingOptimization: 1
  m_KeepAnimatorControllerStateOnDisable: 0
--- !u!1 &2016121735796023968
GameObject:
  m_ObjectHideFlags: 0
  m_CorrespondingSourceObject: {fileID: 0}
  m_PrefabInstance: {fileID: 0}
  m_PrefabAsset: {fileID: 0}
  serializedVersion: 6
  m_Component:
  - component: {fileID: 2016121735796023975}
  - component: {fileID: 2016121735796023974}
  m_Layer: 0
  m_Name: person
  m_TagString: Untagged
  m_Icon: {fileID: 0}
  m_NavMeshLayer: 0
  m_StaticEditorFlags: 0
  m_IsActive: 1
--- !u!4 &2016121735796023975
Transform:
  m_ObjectHideFlags: 0
  m_CorrespondingSourceObject: {fileID: 0}
  m_PrefabInstance: {fileID: 0}
  m_PrefabAsset: {fileID: 0}
  m_GameObject: {fileID: 2016121735796023968}
  m_LocalRotation: {x: 0, y: 0, z: 0, w: 1}
  m_LocalPosition: {x: 0, y: 0, z: 5.34}
  m_LocalScale: {x: 1, y: 1, z: 1}
  m_Children:
  - {fileID: 2016121735759144576}
  m_Father: {fileID: 0}
  m_RootOrder: 0
  m_LocalEulerAnglesHint: {x: 0, y: 0, z: 0}
--- !u!114 &2016121735796023974
MonoBehaviour:
  m_ObjectHideFlags: 0
  m_CorrespondingSourceObject: {fileID: 0}
  m_PrefabInstance: {fileID: 0}
  m_PrefabAsset: {fileID: 0}
  m_GameObject: {fileID: 2016121735796023968}
  m_Enabled: 1
  m_EditorHideFlags: 0
  m_Script: {fileID: 11500000, guid: 9d7b9292f5b209140893c04583b3e4f5, type: 3}
  m_Name: 
  m_EditorClassIdentifier: 
  personAnim: {fileID: 2016121735759144577}
  speed: 0
  personMesh:
  - {fileID: 2308634343029004413}
  - {fileID: 7020188364876463342}
  - {fileID: 9221189136530695325}
  - {fileID: 7904683012336569155}
  - {fileID: 1896053585333794669}
  - {fileID: 6426661522822644394}
  indicator: {fileID: 2016121735202068462}
--- !u!1 &2016121736085765948
GameObject:
  m_ObjectHideFlags: 0
  m_CorrespondingSourceObject: {fileID: 0}
  m_PrefabInstance: {fileID: 0}
  m_PrefabAsset: {fileID: 0}
  serializedVersion: 6
  m_Component:
  - component: {fileID: 2016121736085765939}
  - component: {fileID: 2016121736085765936}
  - component: {fileID: 2016121736085765937}
  - component: {fileID: 2016121736085765938}
  m_Layer: 0
  m_Name: Cube (1)
  m_TagString: Untagged
  m_Icon: {fileID: 0}
  m_NavMeshLayer: 0
  m_StaticEditorFlags: 0
  m_IsActive: 1
--- !u!4 &2016121736085765939
Transform:
  m_ObjectHideFlags: 0
  m_CorrespondingSourceObject: {fileID: 0}
  m_PrefabInstance: {fileID: 0}
  m_PrefabAsset: {fileID: 0}
  m_GameObject: {fileID: 2016121736085765948}
  m_LocalRotation: {x: -0, y: -0, z: -0, w: 1}
  m_LocalPosition: {x: 0.97, y: 0, z: 0}
  m_LocalScale: {x: 1, y: 1, z: 0.36763}
  m_Children: []
  m_Father: {fileID: 2016121735202068461}
  m_RootOrder: 0
  m_LocalEulerAnglesHint: {x: 0, y: 0, z: 0}
--- !u!33 &2016121736085765936
MeshFilter:
  m_ObjectHideFlags: 0
  m_CorrespondingSourceObject: {fileID: 0}
  m_PrefabInstance: {fileID: 0}
  m_PrefabAsset: {fileID: 0}
  m_GameObject: {fileID: 2016121736085765948}
  m_Mesh: {fileID: 10202, guid: 0000000000000000e000000000000000, type: 0}
--- !u!23 &2016121736085765937
MeshRenderer:
  m_ObjectHideFlags: 0
  m_CorrespondingSourceObject: {fileID: 0}
  m_PrefabInstance: {fileID: 0}
  m_PrefabAsset: {fileID: 0}
  m_GameObject: {fileID: 2016121736085765948}
  m_Enabled: 1
  m_CastShadows: 1
  m_ReceiveShadows: 1
  m_DynamicOccludee: 1
  m_MotionVectors: 1
  m_LightProbeUsage: 1
  m_ReflectionProbeUsage: 1
  m_RenderingLayerMask: 1
  m_RendererPriority: 0
  m_Materials:
  - {fileID: 10303, guid: 0000000000000000f000000000000000, type: 0}
  m_StaticBatchInfo:
    firstSubMesh: 0
    subMeshCount: 0
  m_StaticBatchRoot: {fileID: 0}
  m_ProbeAnchor: {fileID: 0}
  m_LightProbeVolumeOverride: {fileID: 0}
  m_ScaleInLightmap: 1
  m_PreserveUVs: 0
  m_IgnoreNormalsForChartDetection: 0
  m_ImportantGI: 0
  m_StitchLightmapSeams: 0
  m_SelectedEditorRenderState: 3
  m_MinimumChartSize: 4
  m_AutoUVMaxDistance: 0.5
  m_AutoUVMaxAngle: 89
  m_LightmapParameters: {fileID: 0}
  m_SortingLayerID: 0
  m_SortingLayer: 0
  m_SortingOrder: 0
--- !u!65 &2016121736085765938
BoxCollider:
  m_ObjectHideFlags: 0
  m_CorrespondingSourceObject: {fileID: 0}
  m_PrefabInstance: {fileID: 0}
  m_PrefabAsset: {fileID: 0}
  m_GameObject: {fileID: 2016121736085765948}
  m_Material: {fileID: 0}
  m_IsTrigger: 0
  m_Enabled: 1
  serializedVersion: 2
  m_Size: {x: 1, y: 1, z: 1}
  m_Center: {x: 0, y: 0, z: 0}
--- !u!1 &5585400571368762580
GameObject:
  m_ObjectHideFlags: 0
  m_CorrespondingSourceObject: {fileID: 0}
  m_PrefabInstance: {fileID: 0}
  m_PrefabAsset: {fileID: 0}
  serializedVersion: 6
  m_Component:
  - component: {fileID: 150727943969868183}
  m_Layer: 0
  m_Name: personMeshes
  m_TagString: Untagged
  m_Icon: {fileID: 0}
  m_NavMeshLayer: 0
  m_StaticEditorFlags: 0
  m_IsActive: 1
--- !u!4 &150727943969868183
Transform:
  m_ObjectHideFlags: 0
  m_CorrespondingSourceObject: {fileID: 0}
  m_PrefabInstance: {fileID: 0}
  m_PrefabAsset: {fileID: 0}
  m_GameObject: {fileID: 5585400571368762580}
  m_LocalRotation: {x: 0, y: 0, z: 0, w: 1}
  m_LocalPosition: {x: 0, y: 0, z: 0}
  m_LocalScale: {x: 0.5, y: 0.5, z: 0.5}
  m_Children:
  - {fileID: 2308634343029163101}
  - {fileID: 7020188364876619982}
  - {fileID: 9221189136530929853}
  - {fileID: 7904683012336736099}
  - {fileID: 1896053585333627725}
  - {fileID: 6426661522822684298}
  m_Father: {fileID: 2016121735759144576}
  m_RootOrder: 1
  m_LocalEulerAnglesHint: {x: 0, y: 0, z: 0}
--- !u!1001 &1896053585333760461
PrefabInstance:
  m_ObjectHideFlags: 0
  serializedVersion: 2
  m_Modification:
    m_TransformParent: {fileID: 150727943969868183}
    m_Modifications:
    - target: {fileID: 100000, guid: 6c1a0c4981c7c2f4d8c422cb60725c79, type: 3}
      propertyPath: m_Name
      value: C05
      objectReference: {fileID: 0}
    - target: {fileID: 2300000, guid: 6c1a0c4981c7c2f4d8c422cb60725c79, type: 3}
      propertyPath: m_Materials.Array.data[0]
      value: 
      objectReference: {fileID: 2100000, guid: 93374a6cba61d7a4ab14d89c979beba2, type: 2}
    - target: {fileID: 400000, guid: 6c1a0c4981c7c2f4d8c422cb60725c79, type: 3}
      propertyPath: m_LocalPosition.x
      value: 0
      objectReference: {fileID: 0}
    - target: {fileID: 400000, guid: 6c1a0c4981c7c2f4d8c422cb60725c79, type: 3}
      propertyPath: m_LocalPosition.y
      value: 0.283
      objectReference: {fileID: 0}
    - target: {fileID: 400000, guid: 6c1a0c4981c7c2f4d8c422cb60725c79, type: 3}
      propertyPath: m_LocalPosition.z
      value: 0
      objectReference: {fileID: 0}
    - target: {fileID: 400000, guid: 6c1a0c4981c7c2f4d8c422cb60725c79, type: 3}
      propertyPath: m_LocalRotation.x
      value: -0
      objectReference: {fileID: 0}
    - target: {fileID: 400000, guid: 6c1a0c4981c7c2f4d8c422cb60725c79, type: 3}
      propertyPath: m_LocalRotation.y
      value: 0.7071068
      objectReference: {fileID: 0}
    - target: {fileID: 400000, guid: 6c1a0c4981c7c2f4d8c422cb60725c79, type: 3}
      propertyPath: m_LocalRotation.z
      value: -0
      objectReference: {fileID: 0}
    - target: {fileID: 400000, guid: 6c1a0c4981c7c2f4d8c422cb60725c79, type: 3}
      propertyPath: m_LocalRotation.w
      value: 0.7071068
      objectReference: {fileID: 0}
    - target: {fileID: 400000, guid: 6c1a0c4981c7c2f4d8c422cb60725c79, type: 3}
      propertyPath: m_RootOrder
      value: 4
      objectReference: {fileID: 0}
    - target: {fileID: 400000, guid: 6c1a0c4981c7c2f4d8c422cb60725c79, type: 3}
      propertyPath: m_LocalEulerAnglesHint.x
      value: 0
      objectReference: {fileID: 0}
    - target: {fileID: 400000, guid: 6c1a0c4981c7c2f4d8c422cb60725c79, type: 3}
      propertyPath: m_LocalEulerAnglesHint.y
      value: 90
      objectReference: {fileID: 0}
    - target: {fileID: 400000, guid: 6c1a0c4981c7c2f4d8c422cb60725c79, type: 3}
      propertyPath: m_LocalEulerAnglesHint.z
      value: 0
      objectReference: {fileID: 0}
    m_RemovedComponents: []
  m_SourcePrefab: {fileID: 100100000, guid: 6c1a0c4981c7c2f4d8c422cb60725c79, type: 3}
--- !u!1 &1896053585333794669 stripped
GameObject:
  m_CorrespondingSourceObject: {fileID: 100000, guid: 6c1a0c4981c7c2f4d8c422cb60725c79,
    type: 3}
  m_PrefabInstance: {fileID: 1896053585333760461}
  m_PrefabAsset: {fileID: 0}
--- !u!4 &1896053585333627725 stripped
Transform:
  m_CorrespondingSourceObject: {fileID: 400000, guid: 6c1a0c4981c7c2f4d8c422cb60725c79,
    type: 3}
  m_PrefabInstance: {fileID: 1896053585333760461}
  m_PrefabAsset: {fileID: 0}
--- !u!1001 &2308634343029038813
PrefabInstance:
  m_ObjectHideFlags: 0
  serializedVersion: 2
  m_Modification:
    m_TransformParent: {fileID: 150727943969868183}
    m_Modifications:
    - target: {fileID: 100000, guid: c1efc2cd799f6c14c81414174691d8cc, type: 3}
      propertyPath: m_Name
      value: C01
      objectReference: {fileID: 0}
    - target: {fileID: 400000, guid: c1efc2cd799f6c14c81414174691d8cc, type: 3}
      propertyPath: m_LocalPosition.x
      value: 0
      objectReference: {fileID: 0}
    - target: {fileID: 400000, guid: c1efc2cd799f6c14c81414174691d8cc, type: 3}
      propertyPath: m_LocalPosition.y
      value: 0.283
      objectReference: {fileID: 0}
    - target: {fileID: 400000, guid: c1efc2cd799f6c14c81414174691d8cc, type: 3}
      propertyPath: m_LocalPosition.z
      value: 0
      objectReference: {fileID: 0}
    - target: {fileID: 400000, guid: c1efc2cd799f6c14c81414174691d8cc, type: 3}
      propertyPath: m_LocalRotation.x
      value: -0
      objectReference: {fileID: 0}
    - target: {fileID: 400000, guid: c1efc2cd799f6c14c81414174691d8cc, type: 3}
      propertyPath: m_LocalRotation.y
      value: 0.7071068
      objectReference: {fileID: 0}
    - target: {fileID: 400000, guid: c1efc2cd799f6c14c81414174691d8cc, type: 3}
      propertyPath: m_LocalRotation.z
      value: -0
      objectReference: {fileID: 0}
    - target: {fileID: 400000, guid: c1efc2cd799f6c14c81414174691d8cc, type: 3}
      propertyPath: m_LocalRotation.w
      value: 0.7071068
      objectReference: {fileID: 0}
    - target: {fileID: 400000, guid: c1efc2cd799f6c14c81414174691d8cc, type: 3}
      propertyPath: m_RootOrder
      value: 0
      objectReference: {fileID: 0}
    - target: {fileID: 400000, guid: c1efc2cd799f6c14c81414174691d8cc, type: 3}
      propertyPath: m_LocalEulerAnglesHint.x
      value: 0
      objectReference: {fileID: 0}
    - target: {fileID: 400000, guid: c1efc2cd799f6c14c81414174691d8cc, type: 3}
      propertyPath: m_LocalEulerAnglesHint.y
      value: 90
      objectReference: {fileID: 0}
    - target: {fileID: 400000, guid: c1efc2cd799f6c14c81414174691d8cc, type: 3}
      propertyPath: m_LocalEulerAnglesHint.z
      value: 0
      objectReference: {fileID: 0}
    - target: {fileID: 2300000, guid: c1efc2cd799f6c14c81414174691d8cc, type: 3}
      propertyPath: m_Materials.Array.data[0]
      value: 
      objectReference: {fileID: 2100000, guid: 93374a6cba61d7a4ab14d89c979beba2, type: 2}
    m_RemovedComponents: []
  m_SourcePrefab: {fileID: 100100000, guid: c1efc2cd799f6c14c81414174691d8cc, type: 3}
--- !u!4 &2308634343029163101 stripped
Transform:
  m_CorrespondingSourceObject: {fileID: 400000, guid: c1efc2cd799f6c14c81414174691d8cc,
    type: 3}
  m_PrefabInstance: {fileID: 2308634343029038813}
  m_PrefabAsset: {fileID: 0}
--- !u!1 &2308634343029004413 stripped
GameObject:
  m_CorrespondingSourceObject: {fileID: 100000, guid: c1efc2cd799f6c14c81414174691d8cc,
    type: 3}
  m_PrefabInstance: {fileID: 2308634343029038813}
  m_PrefabAsset: {fileID: 0}
--- !u!1001 &6426661522822546442
PrefabInstance:
  m_ObjectHideFlags: 0
  serializedVersion: 2
  m_Modification:
    m_TransformParent: {fileID: 150727943969868183}
    m_Modifications:
    - target: {fileID: 100000, guid: 989167c0f28f1d74d9375e90c3e7a6db, type: 3}
      propertyPath: m_Name
      value: C06
      objectReference: {fileID: 0}
    - target: {fileID: 400000, guid: 989167c0f28f1d74d9375e90c3e7a6db, type: 3}
      propertyPath: m_LocalPosition.x
      value: 0
      objectReference: {fileID: 0}
    - target: {fileID: 400000, guid: 989167c0f28f1d74d9375e90c3e7a6db, type: 3}
      propertyPath: m_LocalPosition.y
      value: 0.283
      objectReference: {fileID: 0}
    - target: {fileID: 400000, guid: 989167c0f28f1d74d9375e90c3e7a6db, type: 3}
      propertyPath: m_LocalPosition.z
      value: 0
      objectReference: {fileID: 0}
    - target: {fileID: 400000, guid: 989167c0f28f1d74d9375e90c3e7a6db, type: 3}
      propertyPath: m_LocalRotation.x
      value: -0
      objectReference: {fileID: 0}
    - target: {fileID: 400000, guid: 989167c0f28f1d74d9375e90c3e7a6db, type: 3}
      propertyPath: m_LocalRotation.y
      value: 0.7071068
      objectReference: {fileID: 0}
    - target: {fileID: 400000, guid: 989167c0f28f1d74d9375e90c3e7a6db, type: 3}
      propertyPath: m_LocalRotation.z
      value: -0
      objectReference: {fileID: 0}
    - target: {fileID: 400000, guid: 989167c0f28f1d74d9375e90c3e7a6db, type: 3}
      propertyPath: m_LocalRotation.w
      value: 0.7071068
      objectReference: {fileID: 0}
    - target: {fileID: 400000, guid: 989167c0f28f1d74d9375e90c3e7a6db, type: 3}
      propertyPath: m_RootOrder
      value: 5
      objectReference: {fileID: 0}
    - target: {fileID: 400000, guid: 989167c0f28f1d74d9375e90c3e7a6db, type: 3}
      propertyPath: m_LocalEulerAnglesHint.x
      value: 0
      objectReference: {fileID: 0}
    - target: {fileID: 400000, guid: 989167c0f28f1d74d9375e90c3e7a6db, type: 3}
      propertyPath: m_LocalEulerAnglesHint.y
      value: 90
      objectReference: {fileID: 0}
    - target: {fileID: 400000, guid: 989167c0f28f1d74d9375e90c3e7a6db, type: 3}
      propertyPath: m_LocalEulerAnglesHint.z
      value: 0
      objectReference: {fileID: 0}
    - target: {fileID: 2300000, guid: 989167c0f28f1d74d9375e90c3e7a6db, type: 3}
      propertyPath: m_Materials.Array.data[0]
      value: 
      objectReference: {fileID: 2100000, guid: 93374a6cba61d7a4ab14d89c979beba2, type: 2}
    m_RemovedComponents: []
  m_SourcePrefab: {fileID: 100100000, guid: 989167c0f28f1d74d9375e90c3e7a6db, type: 3}
--- !u!1 &6426661522822644394 stripped
GameObject:
  m_CorrespondingSourceObject: {fileID: 100000, guid: 989167c0f28f1d74d9375e90c3e7a6db,
    type: 3}
  m_PrefabInstance: {fileID: 6426661522822546442}
  m_PrefabAsset: {fileID: 0}
--- !u!4 &6426661522822684298 stripped
Transform:
  m_CorrespondingSourceObject: {fileID: 400000, guid: 989167c0f28f1d74d9375e90c3e7a6db,
    type: 3}
  m_PrefabInstance: {fileID: 6426661522822546442}
  m_PrefabAsset: {fileID: 0}
--- !u!1001 &7020188364876495438
PrefabInstance:
  m_ObjectHideFlags: 0
  serializedVersion: 2
  m_Modification:
    m_TransformParent: {fileID: 150727943969868183}
    m_Modifications:
    - target: {fileID: 100000, guid: c69447c9dc1ca3549a82cddf032f84ae, type: 3}
      propertyPath: m_Name
      value: C02
      objectReference: {fileID: 0}
    - target: {fileID: 400000, guid: c69447c9dc1ca3549a82cddf032f84ae, type: 3}
      propertyPath: m_LocalPosition.x
      value: 0
      objectReference: {fileID: 0}
    - target: {fileID: 400000, guid: c69447c9dc1ca3549a82cddf032f84ae, type: 3}
      propertyPath: m_LocalPosition.y
      value: 0.283
      objectReference: {fileID: 0}
    - target: {fileID: 400000, guid: c69447c9dc1ca3549a82cddf032f84ae, type: 3}
      propertyPath: m_LocalPosition.z
      value: 0
      objectReference: {fileID: 0}
    - target: {fileID: 400000, guid: c69447c9dc1ca3549a82cddf032f84ae, type: 3}
      propertyPath: m_LocalRotation.x
      value: -0
      objectReference: {fileID: 0}
    - target: {fileID: 400000, guid: c69447c9dc1ca3549a82cddf032f84ae, type: 3}
      propertyPath: m_LocalRotation.y
      value: 0.7071068
      objectReference: {fileID: 0}
    - target: {fileID: 400000, guid: c69447c9dc1ca3549a82cddf032f84ae, type: 3}
      propertyPath: m_LocalRotation.z
      value: -0
      objectReference: {fileID: 0}
    - target: {fileID: 400000, guid: c69447c9dc1ca3549a82cddf032f84ae, type: 3}
      propertyPath: m_LocalRotation.w
      value: 0.7071068
      objectReference: {fileID: 0}
    - target: {fileID: 400000, guid: c69447c9dc1ca3549a82cddf032f84ae, type: 3}
      propertyPath: m_RootOrder
      value: 1
      objectReference: {fileID: 0}
    - target: {fileID: 400000, guid: c69447c9dc1ca3549a82cddf032f84ae, type: 3}
      propertyPath: m_LocalEulerAnglesHint.x
      value: 0
      objectReference: {fileID: 0}
    - target: {fileID: 400000, guid: c69447c9dc1ca3549a82cddf032f84ae, type: 3}
      propertyPath: m_LocalEulerAnglesHint.y
      value: 90
      objectReference: {fileID: 0}
    - target: {fileID: 400000, guid: c69447c9dc1ca3549a82cddf032f84ae, type: 3}
      propertyPath: m_LocalEulerAnglesHint.z
      value: 0
      objectReference: {fileID: 0}
    - target: {fileID: 2300000, guid: c69447c9dc1ca3549a82cddf032f84ae, type: 3}
      propertyPath: m_Materials.Array.data[0]
      value: 
      objectReference: {fileID: 2100000, guid: 93374a6cba61d7a4ab14d89c979beba2, type: 2}
    m_RemovedComponents: []
  m_SourcePrefab: {fileID: 100100000, guid: c69447c9dc1ca3549a82cddf032f84ae, type: 3}
--- !u!4 &7020188364876619982 stripped
Transform:
  m_CorrespondingSourceObject: {fileID: 400000, guid: c69447c9dc1ca3549a82cddf032f84ae,
    type: 3}
  m_PrefabInstance: {fileID: 7020188364876495438}
  m_PrefabAsset: {fileID: 0}
--- !u!1 &7020188364876463342 stripped
GameObject:
  m_CorrespondingSourceObject: {fileID: 100000, guid: c69447c9dc1ca3549a82cddf032f84ae,
    type: 3}
  m_PrefabInstance: {fileID: 7020188364876495438}
  m_PrefabAsset: {fileID: 0}
--- !u!1001 &7904683012336602595
PrefabInstance:
  m_ObjectHideFlags: 0
  serializedVersion: 2
  m_Modification:
    m_TransformParent: {fileID: 150727943969868183}
    m_Modifications:
    - target: {fileID: 100000, guid: 1f821e180d890894893075f951862c3e, type: 3}
      propertyPath: m_Name
      value: C04
      objectReference: {fileID: 0}
    - target: {fileID: 2300000, guid: 1f821e180d890894893075f951862c3e, type: 3}
      propertyPath: m_Materials.Array.data[0]
      value: 
      objectReference: {fileID: 2100000, guid: 93374a6cba61d7a4ab14d89c979beba2, type: 2}
    - target: {fileID: 400000, guid: 1f821e180d890894893075f951862c3e, type: 3}
      propertyPath: m_LocalPosition.x
      value: 0
      objectReference: {fileID: 0}
    - target: {fileID: 400000, guid: 1f821e180d890894893075f951862c3e, type: 3}
      propertyPath: m_LocalPosition.y
      value: 0.283
      objectReference: {fileID: 0}
    - target: {fileID: 400000, guid: 1f821e180d890894893075f951862c3e, type: 3}
      propertyPath: m_LocalPosition.z
      value: 0
      objectReference: {fileID: 0}
    - target: {fileID: 400000, guid: 1f821e180d890894893075f951862c3e, type: 3}
      propertyPath: m_LocalRotation.x
      value: -0
      objectReference: {fileID: 0}
    - target: {fileID: 400000, guid: 1f821e180d890894893075f951862c3e, type: 3}
      propertyPath: m_LocalRotation.y
      value: 0.7071068
      objectReference: {fileID: 0}
    - target: {fileID: 400000, guid: 1f821e180d890894893075f951862c3e, type: 3}
      propertyPath: m_LocalRotation.z
      value: -0
      objectReference: {fileID: 0}
    - target: {fileID: 400000, guid: 1f821e180d890894893075f951862c3e, type: 3}
      propertyPath: m_LocalRotation.w
      value: 0.7071068
      objectReference: {fileID: 0}
    - target: {fileID: 400000, guid: 1f821e180d890894893075f951862c3e, type: 3}
      propertyPath: m_RootOrder
      value: 3
      objectReference: {fileID: 0}
    - target: {fileID: 400000, guid: 1f821e180d890894893075f951862c3e, type: 3}
      propertyPath: m_LocalEulerAnglesHint.x
      value: 0
      objectReference: {fileID: 0}
    - target: {fileID: 400000, guid: 1f821e180d890894893075f951862c3e, type: 3}
      propertyPath: m_LocalEulerAnglesHint.y
      value: 90
      objectReference: {fileID: 0}
    - target: {fileID: 400000, guid: 1f821e180d890894893075f951862c3e, type: 3}
      propertyPath: m_LocalEulerAnglesHint.z
      value: 0
      objectReference: {fileID: 0}
    m_RemovedComponents: []
  m_SourcePrefab: {fileID: 100100000, guid: 1f821e180d890894893075f951862c3e, type: 3}
--- !u!1 &7904683012336569155 stripped
GameObject:
  m_CorrespondingSourceObject: {fileID: 100000, guid: 1f821e180d890894893075f951862c3e,
    type: 3}
  m_PrefabInstance: {fileID: 7904683012336602595}
  m_PrefabAsset: {fileID: 0}
--- !u!4 &7904683012336736099 stripped
Transform:
  m_CorrespondingSourceObject: {fileID: 400000, guid: 1f821e180d890894893075f951862c3e,
    type: 3}
  m_PrefabInstance: {fileID: 7904683012336602595}
  m_PrefabAsset: {fileID: 0}
--- !u!1001 &9221189136530793021
PrefabInstance:
  m_ObjectHideFlags: 0
  serializedVersion: 2
  m_Modification:
    m_TransformParent: {fileID: 150727943969868183}
    m_Modifications:
    - target: {fileID: 100000, guid: f67554f52f9e5ba4380c3f7cc903e12e, type: 3}
      propertyPath: m_Name
      value: C03
      objectReference: {fileID: 0}
    - target: {fileID: 400000, guid: f67554f52f9e5ba4380c3f7cc903e12e, type: 3}
      propertyPath: m_LocalPosition.x
      value: 0
      objectReference: {fileID: 0}
    - target: {fileID: 400000, guid: f67554f52f9e5ba4380c3f7cc903e12e, type: 3}
      propertyPath: m_LocalPosition.y
      value: 0.283
      objectReference: {fileID: 0}
    - target: {fileID: 400000, guid: f67554f52f9e5ba4380c3f7cc903e12e, type: 3}
      propertyPath: m_LocalPosition.z
      value: 0
      objectReference: {fileID: 0}
    - target: {fileID: 400000, guid: f67554f52f9e5ba4380c3f7cc903e12e, type: 3}
      propertyPath: m_LocalRotation.x
      value: -0
      objectReference: {fileID: 0}
    - target: {fileID: 400000, guid: f67554f52f9e5ba4380c3f7cc903e12e, type: 3}
      propertyPath: m_LocalRotation.y
      value: 0.7071068
      objectReference: {fileID: 0}
    - target: {fileID: 400000, guid: f67554f52f9e5ba4380c3f7cc903e12e, type: 3}
      propertyPath: m_LocalRotation.z
      value: -0
      objectReference: {fileID: 0}
    - target: {fileID: 400000, guid: f67554f52f9e5ba4380c3f7cc903e12e, type: 3}
      propertyPath: m_LocalRotation.w
      value: 0.7071068
      objectReference: {fileID: 0}
    - target: {fileID: 400000, guid: f67554f52f9e5ba4380c3f7cc903e12e, type: 3}
      propertyPath: m_RootOrder
      value: 2
      objectReference: {fileID: 0}
    - target: {fileID: 400000, guid: f67554f52f9e5ba4380c3f7cc903e12e, type: 3}
      propertyPath: m_LocalEulerAnglesHint.x
      value: 0
      objectReference: {fileID: 0}
    - target: {fileID: 400000, guid: f67554f52f9e5ba4380c3f7cc903e12e, type: 3}
      propertyPath: m_LocalEulerAnglesHint.y
      value: 90
      objectReference: {fileID: 0}
    - target: {fileID: 400000, guid: f67554f52f9e5ba4380c3f7cc903e12e, type: 3}
      propertyPath: m_LocalEulerAnglesHint.z
      value: 0
      objectReference: {fileID: 0}
    - target: {fileID: 2300000, guid: f67554f52f9e5ba4380c3f7cc903e12e, type: 3}
      propertyPath: m_Materials.Array.data[0]
      value: 
      objectReference: {fileID: 2100000, guid: 93374a6cba61d7a4ab14d89c979beba2, type: 2}
    m_RemovedComponents: []
  m_SourcePrefab: {fileID: 100100000, guid: f67554f52f9e5ba4380c3f7cc903e12e, type: 3}
--- !u!1 &9221189136530695325 stripped
GameObject:
  m_CorrespondingSourceObject: {fileID: 100000, guid: f67554f52f9e5ba4380c3f7cc903e12e,
    type: 3}
  m_PrefabInstance: {fileID: 9221189136530793021}
  m_PrefabAsset: {fileID: 0}
--- !u!4 &9221189136530929853 stripped
Transform:
  m_CorrespondingSourceObject: {fileID: 400000, guid: f67554f52f9e5ba4380c3f7cc903e12e,
    type: 3}
  m_PrefabInstance: {fileID: 9221189136530793021}
  m_PrefabAsset: {fileID: 0}
