%YAML 1.1
%TAG !u! tag:unity3d.com,2011:
--- !u!1 &1351749683844681314
GameObject:
  m_ObjectHideFlags: 0
  m_CorrespondingSourceObject: {fileID: 0}
  m_PrefabInstance: {fileID: 0}
  m_PrefabAsset: {fileID: 0}
  serializedVersion: 6
  m_Component:
  - component: {fileID: 5587856585196304606}
  m_Layer: 0
  m_Name: RoadUnpack
  m_TagString: Untagged
  m_Icon: {fileID: 0}
  m_NavMeshLayer: 0
  m_StaticEditorFlags: 0
  m_IsActive: 1
--- !u!4 &5587856585196304606
Transform:
  m_ObjectHideFlags: 0
  m_CorrespondingSourceObject: {fileID: 0}
  m_PrefabInstance: {fileID: 0}
  m_PrefabAsset: {fileID: 0}
  m_GameObject: {fileID: 1351749683844681314}
  m_LocalRotation: {x: 0, y: 0, z: 0, w: 1}
  m_LocalPosition: {x: 0, y: 0, z: 0}
  m_LocalScale: {x: 1, y: 1, z: 1}
  m_Children:
  - {fileID: 4892102095654616214}
  - {fileID: 8575651837285248423}
  - {fileID: 5612262948715225907}
  - {fileID: 2476408699105943782}
  - {fileID: 6142528150187267234}
  - {fileID: 3710083964736145568}
  - {fileID: 21487933552965706}
  - {fileID: 1203078402414567628}
  - {fileID: 963192292721020636}
  - {fileID: 6388594233330532062}
  - {fileID: 2484973785667296092}
  - {fileID: 5133621665037326751}
  - {fileID: 7590016993049639276}
  - {fileID: 4843367022019090337}
  - {fileID: 6019523236651625573}
  - {fileID: 8487836564486839033}
  - {fileID: 3813648219654021113}
  - {fileID: 2804328191258460555}
  - {fileID: 4061392872864885173}
  - {fileID: 7686388649582601435}
  - {fileID: 6582328436793408277}
  - {fileID: 4305973081943097207}
  - {fileID: 632217167689482216}
  - {fileID: 177614656345347380}
  - {fileID: 6414917227609417936}
  - {fileID: 1042534091802605288}
  - {fileID: 7508601715701718488}
  - {fileID: 8864092085836434539}
  m_Father: {fileID: 0}
  m_RootOrder: 0
  m_LocalEulerAnglesHint: {x: 0, y: 0, z: 0}
--- !u!1001 &425036628961000900
PrefabInstance:
  m_ObjectHideFlags: 0
  serializedVersion: 2
  m_Modification:
    m_TransformParent: {fileID: 5587856585196304606}
    m_Modifications:
    - target: {fileID: 9099901654467607343, guid: 3b62a79df1dd7e14fbec28258123f875,
        type: 3}
      propertyPath: m_Name
      value: RoadLong (11)
      objectReference: {fileID: 0}
    - target: {fileID: 8083067348391601981, guid: 3b62a79df1dd7e14fbec28258123f875,
        type: 3}
      propertyPath: m_LocalPosition.x
      value: -1
      objectReference: {fileID: 0}
    - target: {fileID: 8083067348391601981, guid: 3b62a79df1dd7e14fbec28258123f875,
        type: 3}
      propertyPath: m_LocalPosition.y
      value: 0
      objectReference: {fileID: 0}
    - target: {fileID: 8083067348391601981, guid: 3b62a79df1dd7e14fbec28258123f875,
        type: 3}
      propertyPath: m_LocalPosition.z
      value: 5
      objectReference: {fileID: 0}
    - target: {fileID: 8083067348391601981, guid: 3b62a79df1dd7e14fbec28258123f875,
        type: 3}
      propertyPath: m_LocalRotation.x
      value: 0.5
      objectReference: {fileID: 0}
    - target: {fileID: 8083067348391601981, guid: 3b62a79df1dd7e14fbec28258123f875,
        type: 3}
      propertyPath: m_LocalRotation.y
      value: -0.5
      objectReference: {fileID: 0}
    - target: {fileID: 8083067348391601981, guid: 3b62a79df1dd7e14fbec28258123f875,
        type: 3}
      propertyPath: m_LocalRotation.z
      value: 0.5
      objectReference: {fileID: 0}
    - target: {fileID: 8083067348391601981, guid: 3b62a79df1dd7e14fbec28258123f875,
        type: 3}
      propertyPath: m_LocalRotation.w
      value: 0.5
      objectReference: {fileID: 0}
    - target: {fileID: 8083067348391601981, guid: 3b62a79df1dd7e14fbec28258123f875,
        type: 3}
      propertyPath: m_RootOrder
      value: 15
      objectReference: {fileID: 0}
    - target: {fileID: 8083067348391601981, guid: 3b62a79df1dd7e14fbec28258123f875,
        type: 3}
      propertyPath: m_LocalEulerAnglesHint.x
      value: 90
      objectReference: {fileID: 0}
    - target: {fileID: 8083067348391601981, guid: 3b62a79df1dd7e14fbec28258123f875,
        type: 3}
      propertyPath: m_LocalEulerAnglesHint.y
      value: 0
      objectReference: {fileID: 0}
    - target: {fileID: 8083067348391601981, guid: 3b62a79df1dd7e14fbec28258123f875,
        type: 3}
      propertyPath: m_LocalEulerAnglesHint.z
      value: 90
      objectReference: {fileID: 0}
    m_RemovedComponents: []
  m_SourcePrefab: {fileID: 100100000, guid: 3b62a79df1dd7e14fbec28258123f875, type: 3}
--- !u!4 &8487836564486839033 stripped
Transform:
  m_CorrespondingSourceObject: {fileID: 8083067348391601981, guid: 3b62a79df1dd7e14fbec28258123f875,
    type: 3}
  m_PrefabInstance: {fileID: 425036628961000900}
  m_PrefabAsset: {fileID: 0}
--- !u!1001 &517358722744355482
PrefabInstance:
  m_ObjectHideFlags: 0
  serializedVersion: 2
  m_Modification:
    m_TransformParent: {fileID: 5587856585196304606}
    m_Modifications:
    - target: {fileID: 9099901654467607343, guid: 3b62a79df1dd7e14fbec28258123f875,
        type: 3}
      propertyPath: m_Name
      value: RoadLong
      objectReference: {fileID: 0}
    - target: {fileID: 8083067348391601981, guid: 3b62a79df1dd7e14fbec28258123f875,
        type: 3}
      propertyPath: m_LocalPosition.x
      value: -7
      objectReference: {fileID: 0}
    - target: {fileID: 8083067348391601981, guid: 3b62a79df1dd7e14fbec28258123f875,
        type: 3}
      propertyPath: m_LocalPosition.y
      value: 0
      objectReference: {fileID: 0}
    - target: {fileID: 8083067348391601981, guid: 3b62a79df1dd7e14fbec28258123f875,
        type: 3}
      propertyPath: m_LocalPosition.z
      value: -1
      objectReference: {fileID: 0}
    - target: {fileID: 8083067348391601981, guid: 3b62a79df1dd7e14fbec28258123f875,
        type: 3}
      propertyPath: m_LocalRotation.x
      value: 0.7071068
      objectReference: {fileID: 0}
    - target: {fileID: 8083067348391601981, guid: 3b62a79df1dd7e14fbec28258123f875,
        type: 3}
      propertyPath: m_LocalRotation.y
      value: -0
      objectReference: {fileID: 0}
    - target: {fileID: 8083067348391601981, guid: 3b62a79df1dd7e14fbec28258123f875,
        type: 3}
      propertyPath: m_LocalRotation.z
      value: -0
      objectReference: {fileID: 0}
    - target: {fileID: 8083067348391601981, guid: 3b62a79df1dd7e14fbec28258123f875,
        type: 3}
      propertyPath: m_LocalRotation.w
      value: 0.7071068
      objectReference: {fileID: 0}
    - target: {fileID: 8083067348391601981, guid: 3b62a79df1dd7e14fbec28258123f875,
        type: 3}
      propertyPath: m_RootOrder
      value: 1
      objectReference: {fileID: 0}
    - target: {fileID: 8083067348391601981, guid: 3b62a79df1dd7e14fbec28258123f875,
        type: 3}
      propertyPath: m_LocalEulerAnglesHint.x
      value: 90
      objectReference: {fileID: 0}
    - target: {fileID: 8083067348391601981, guid: 3b62a79df1dd7e14fbec28258123f875,
        type: 3}
      propertyPath: m_LocalEulerAnglesHint.y
      value: 0
      objectReference: {fileID: 0}
    - target: {fileID: 8083067348391601981, guid: 3b62a79df1dd7e14fbec28258123f875,
        type: 3}
      propertyPath: m_LocalEulerAnglesHint.z
      value: 0
      objectReference: {fileID: 0}
    m_RemovedComponents: []
  m_SourcePrefab: {fileID: 100100000, guid: 3b62a79df1dd7e14fbec28258123f875, type: 3}
--- !u!4 &8575651837285248423 stripped
Transform:
  m_CorrespondingSourceObject: {fileID: 8083067348391601981, guid: 3b62a79df1dd7e14fbec28258123f875,
    type: 3}
  m_PrefabInstance: {fileID: 517358722744355482}
  m_PrefabAsset: {fileID: 0}
--- !u!1001 &805939981654780758
PrefabInstance:
  m_ObjectHideFlags: 0
  serializedVersion: 2
  m_Modification:
    m_TransformParent: {fileID: 5587856585196304606}
    m_Modifications:
    - target: {fileID: 9099901654467607343, guid: 3b62a79df1dd7e14fbec28258123f875,
        type: 3}
      propertyPath: m_Name
      value: RoadLong (23)
      objectReference: {fileID: 0}
    - target: {fileID: 8083067348391601981, guid: 3b62a79df1dd7e14fbec28258123f875,
        type: 3}
      propertyPath: m_LocalPosition.x
      value: -2
      objectReference: {fileID: 0}
    - target: {fileID: 8083067348391601981, guid: 3b62a79df1dd7e14fbec28258123f875,
        type: 3}
      propertyPath: m_LocalPosition.y
      value: 0
      objectReference: {fileID: 0}
    - target: {fileID: 8083067348391601981, guid: 3b62a79df1dd7e14fbec28258123f875,
        type: 3}
      propertyPath: m_LocalPosition.z
      value: 6
      objectReference: {fileID: 0}
    - target: {fileID: 8083067348391601981, guid: 3b62a79df1dd7e14fbec28258123f875,
        type: 3}
      propertyPath: m_LocalRotation.x
      value: 0.7071068
      objectReference: {fileID: 0}
    - target: {fileID: 8083067348391601981, guid: 3b62a79df1dd7e14fbec28258123f875,
        type: 3}
      propertyPath: m_LocalRotation.y
      value: -0
      objectReference: {fileID: 0}
    - target: {fileID: 8083067348391601981, guid: 3b62a79df1dd7e14fbec28258123f875,
        type: 3}
      propertyPath: m_LocalRotation.z
      value: -0
      objectReference: {fileID: 0}
    - target: {fileID: 8083067348391601981, guid: 3b62a79df1dd7e14fbec28258123f875,
        type: 3}
      propertyPath: m_LocalRotation.w
      value: 0.7071068
      objectReference: {fileID: 0}
    - target: {fileID: 8083067348391601981, guid: 3b62a79df1dd7e14fbec28258123f875,
        type: 3}
      propertyPath: m_RootOrder
      value: 27
      objectReference: {fileID: 0}
    - target: {fileID: 8083067348391601981, guid: 3b62a79df1dd7e14fbec28258123f875,
        type: 3}
      propertyPath: m_LocalEulerAnglesHint.x
      value: 90
      objectReference: {fileID: 0}
    - target: {fileID: 8083067348391601981, guid: 3b62a79df1dd7e14fbec28258123f875,
        type: 3}
      propertyPath: m_LocalEulerAnglesHint.y
      value: 0
      objectReference: {fileID: 0}
    - target: {fileID: 8083067348391601981, guid: 3b62a79df1dd7e14fbec28258123f875,
        type: 3}
      propertyPath: m_LocalEulerAnglesHint.z
      value: 0
      objectReference: {fileID: 0}
    m_RemovedComponents: []
  m_SourcePrefab: {fileID: 100100000, guid: 3b62a79df1dd7e14fbec28258123f875, type: 3}
--- !u!4 &8864092085836434539 stripped
Transform:
  m_CorrespondingSourceObject: {fileID: 8083067348391601981, guid: 3b62a79df1dd7e14fbec28258123f875,
    type: 3}
  m_PrefabInstance: {fileID: 805939981654780758}
  m_PrefabAsset: {fileID: 0}
--- !u!1001 &1738173500985359077
PrefabInstance:
  m_ObjectHideFlags: 0
  serializedVersion: 2
  m_Modification:
    m_TransformParent: {fileID: 5587856585196304606}
    m_Modifications:
    - target: {fileID: 9099901654467607343, guid: 3b62a79df1dd7e14fbec28258123f875,
        type: 3}
      propertyPath: m_Name
      value: RoadLong (22)
      objectReference: {fileID: 0}
    - target: {fileID: 8083067348391601981, guid: 3b62a79df1dd7e14fbec28258123f875,
        type: 3}
      propertyPath: m_LocalPosition.x
      value: -3
      objectReference: {fileID: 0}
    - target: {fileID: 8083067348391601981, guid: 3b62a79df1dd7e14fbec28258123f875,
        type: 3}
      propertyPath: m_LocalPosition.y
      value: 0
      objectReference: {fileID: 0}
    - target: {fileID: 8083067348391601981, guid: 3b62a79df1dd7e14fbec28258123f875,
        type: 3}
      propertyPath: m_LocalPosition.z
      value: 6
      objectReference: {fileID: 0}
    - target: {fileID: 8083067348391601981, guid: 3b62a79df1dd7e14fbec28258123f875,
        type: 3}
      propertyPath: m_LocalRotation.x
      value: 0.7071068
      objectReference: {fileID: 0}
    - target: {fileID: 8083067348391601981, guid: 3b62a79df1dd7e14fbec28258123f875,
        type: 3}
      propertyPath: m_LocalRotation.y
      value: -0
      objectReference: {fileID: 0}
    - target: {fileID: 8083067348391601981, guid: 3b62a79df1dd7e14fbec28258123f875,
        type: 3}
      propertyPath: m_LocalRotation.z
      value: -0
      objectReference: {fileID: 0}
    - target: {fileID: 8083067348391601981, guid: 3b62a79df1dd7e14fbec28258123f875,
        type: 3}
      propertyPath: m_LocalRotation.w
      value: 0.7071068
      objectReference: {fileID: 0}
    - target: {fileID: 8083067348391601981, guid: 3b62a79df1dd7e14fbec28258123f875,
        type: 3}
      propertyPath: m_RootOrder
      value: 26
      objectReference: {fileID: 0}
    - target: {fileID: 8083067348391601981, guid: 3b62a79df1dd7e14fbec28258123f875,
        type: 3}
      propertyPath: m_LocalEulerAnglesHint.x
      value: 90
      objectReference: {fileID: 0}
    - target: {fileID: 8083067348391601981, guid: 3b62a79df1dd7e14fbec28258123f875,
        type: 3}
      propertyPath: m_LocalEulerAnglesHint.y
      value: 0
      objectReference: {fileID: 0}
    - target: {fileID: 8083067348391601981, guid: 3b62a79df1dd7e14fbec28258123f875,
        type: 3}
      propertyPath: m_LocalEulerAnglesHint.z
      value: 0
      objectReference: {fileID: 0}
    m_RemovedComponents: []
  m_SourcePrefab: {fileID: 100100000, guid: 3b62a79df1dd7e14fbec28258123f875, type: 3}
--- !u!4 &7508601715701718488 stripped
Transform:
  m_CorrespondingSourceObject: {fileID: 8083067348391601981, guid: 3b62a79df1dd7e14fbec28258123f875,
    type: 3}
  m_PrefabInstance: {fileID: 1738173500985359077}
  m_PrefabAsset: {fileID: 0}
--- !u!1001 &1835774097503968849
PrefabInstance:
  m_ObjectHideFlags: 0
  serializedVersion: 2
  m_Modification:
    m_TransformParent: {fileID: 5587856585196304606}
    m_Modifications:
    - target: {fileID: 9099901654467607343, guid: 3b62a79df1dd7e14fbec28258123f875,
        type: 3}
      propertyPath: m_Name
      value: RoadLong (8)
      objectReference: {fileID: 0}
    - target: {fileID: 8083067348391601981, guid: 3b62a79df1dd7e14fbec28258123f875,
        type: 3}
      propertyPath: m_LocalPosition.x
      value: -1
      objectReference: {fileID: 0}
    - target: {fileID: 8083067348391601981, guid: 3b62a79df1dd7e14fbec28258123f875,
        type: 3}
      propertyPath: m_LocalPosition.y
      value: 0
      objectReference: {fileID: 0}
    - target: {fileID: 8083067348391601981, guid: 3b62a79df1dd7e14fbec28258123f875,
        type: 3}
      propertyPath: m_LocalPosition.z
      value: 2
      objectReference: {fileID: 0}
    - target: {fileID: 8083067348391601981, guid: 3b62a79df1dd7e14fbec28258123f875,
        type: 3}
      propertyPath: m_LocalRotation.x
      value: 0.5
      objectReference: {fileID: 0}
    - target: {fileID: 8083067348391601981, guid: 3b62a79df1dd7e14fbec28258123f875,
        type: 3}
      propertyPath: m_LocalRotation.y
      value: -0.5
      objectReference: {fileID: 0}
    - target: {fileID: 8083067348391601981, guid: 3b62a79df1dd7e14fbec28258123f875,
        type: 3}
      propertyPath: m_LocalRotation.z
      value: 0.5
      objectReference: {fileID: 0}
    - target: {fileID: 8083067348391601981, guid: 3b62a79df1dd7e14fbec28258123f875,
        type: 3}
      propertyPath: m_LocalRotation.w
      value: 0.5
      objectReference: {fileID: 0}
    - target: {fileID: 8083067348391601981, guid: 3b62a79df1dd7e14fbec28258123f875,
        type: 3}
      propertyPath: m_RootOrder
      value: 12
      objectReference: {fileID: 0}
    - target: {fileID: 8083067348391601981, guid: 3b62a79df1dd7e14fbec28258123f875,
        type: 3}
      propertyPath: m_LocalEulerAnglesHint.x
      value: 90
      objectReference: {fileID: 0}
    - target: {fileID: 8083067348391601981, guid: 3b62a79df1dd7e14fbec28258123f875,
        type: 3}
      propertyPath: m_LocalEulerAnglesHint.y
      value: 0
      objectReference: {fileID: 0}
    - target: {fileID: 8083067348391601981, guid: 3b62a79df1dd7e14fbec28258123f875,
        type: 3}
      propertyPath: m_LocalEulerAnglesHint.z
      value: 90
      objectReference: {fileID: 0}
    m_RemovedComponents: []
  m_SourcePrefab: {fileID: 100100000, guid: 3b62a79df1dd7e14fbec28258123f875, type: 3}
--- !u!4 &7590016993049639276 stripped
Transform:
  m_CorrespondingSourceObject: {fileID: 8083067348391601981, guid: 3b62a79df1dd7e14fbec28258123f875,
    type: 3}
  m_PrefabInstance: {fileID: 1835774097503968849}
  m_PrefabAsset: {fileID: 0}
--- !u!1001 &1911596819088376806
PrefabInstance:
  m_ObjectHideFlags: 0
  serializedVersion: 2
  m_Modification:
    m_TransformParent: {fileID: 5587856585196304606}
    m_Modifications:
    - target: {fileID: 9099901654467607343, guid: 3b62a79df1dd7e14fbec28258123f875,
        type: 3}
      propertyPath: m_Name
      value: RoadLong (15)
      objectReference: {fileID: 0}
    - target: {fileID: 8083067348391601981, guid: 3b62a79df1dd7e14fbec28258123f875,
        type: 3}
      propertyPath: m_LocalPosition.x
      value: -8
      objectReference: {fileID: 0}
    - target: {fileID: 8083067348391601981, guid: 3b62a79df1dd7e14fbec28258123f875,
        type: 3}
      propertyPath: m_LocalPosition.y
      value: 0
      objectReference: {fileID: 0}
    - target: {fileID: 8083067348391601981, guid: 3b62a79df1dd7e14fbec28258123f875,
        type: 3}
      propertyPath: m_LocalPosition.z
      value: 3
      objectReference: {fileID: 0}
    - target: {fileID: 8083067348391601981, guid: 3b62a79df1dd7e14fbec28258123f875,
        type: 3}
      propertyPath: m_LocalRotation.x
      value: 0.5
      objectReference: {fileID: 0}
    - target: {fileID: 8083067348391601981, guid: 3b62a79df1dd7e14fbec28258123f875,
        type: 3}
      propertyPath: m_LocalRotation.y
      value: -0.5
      objectReference: {fileID: 0}
    - target: {fileID: 8083067348391601981, guid: 3b62a79df1dd7e14fbec28258123f875,
        type: 3}
      propertyPath: m_LocalRotation.z
      value: 0.5
      objectReference: {fileID: 0}
    - target: {fileID: 8083067348391601981, guid: 3b62a79df1dd7e14fbec28258123f875,
        type: 3}
      propertyPath: m_LocalRotation.w
      value: 0.5
      objectReference: {fileID: 0}
    - target: {fileID: 8083067348391601981, guid: 3b62a79df1dd7e14fbec28258123f875,
        type: 3}
      propertyPath: m_RootOrder
      value: 19
      objectReference: {fileID: 0}
    - target: {fileID: 8083067348391601981, guid: 3b62a79df1dd7e14fbec28258123f875,
        type: 3}
      propertyPath: m_LocalEulerAnglesHint.x
      value: 90
      objectReference: {fileID: 0}
    - target: {fileID: 8083067348391601981, guid: 3b62a79df1dd7e14fbec28258123f875,
        type: 3}
      propertyPath: m_LocalEulerAnglesHint.y
      value: 0
      objectReference: {fileID: 0}
    - target: {fileID: 8083067348391601981, guid: 3b62a79df1dd7e14fbec28258123f875,
        type: 3}
      propertyPath: m_LocalEulerAnglesHint.z
      value: 90
      objectReference: {fileID: 0}
    m_RemovedComponents: []
  m_SourcePrefab: {fileID: 100100000, guid: 3b62a79df1dd7e14fbec28258123f875, type: 3}
--- !u!4 &7686388649582601435 stripped
Transform:
  m_CorrespondingSourceObject: {fileID: 8083067348391601981, guid: 3b62a79df1dd7e14fbec28258123f875,
    type: 3}
  m_PrefabInstance: {fileID: 1911596819088376806}
  m_PrefabAsset: {fileID: 0}
--- !u!1001 &2314714007347318595
PrefabInstance:
  m_ObjectHideFlags: 0
  serializedVersion: 2
  m_Modification:
    m_TransformParent: {fileID: 5587856585196304606}
    m_Modifications:
    - target: {fileID: 6643423089499489438, guid: 2ed2c9dbd24fac9448825d5b2e929958,
        type: 3}
      propertyPath: m_Name
      value: Road2turn (2)
      objectReference: {fileID: 0}
    - target: {fileID: 162829663711489957, guid: 2ed2c9dbd24fac9448825d5b2e929958,
        type: 3}
      propertyPath: m_LocalPosition.x
      value: -1
      objectReference: {fileID: 0}
    - target: {fileID: 162829663711489957, guid: 2ed2c9dbd24fac9448825d5b2e929958,
        type: 3}
      propertyPath: m_LocalPosition.y
      value: 0
      objectReference: {fileID: 0}
    - target: {fileID: 162829663711489957, guid: 2ed2c9dbd24fac9448825d5b2e929958,
        type: 3}
      propertyPath: m_LocalPosition.z
      value: 6
      objectReference: {fileID: 0}
    - target: {fileID: 162829663711489957, guid: 2ed2c9dbd24fac9448825d5b2e929958,
        type: 3}
      propertyPath: m_LocalRotation.x
      value: -0.7071069
      objectReference: {fileID: 0}
    - target: {fileID: 162829663711489957, guid: 2ed2c9dbd24fac9448825d5b2e929958,
        type: 3}
      propertyPath: m_LocalRotation.y
      value: 0.00000043213367
      objectReference: {fileID: 0}
    - target: {fileID: 162829663711489957, guid: 2ed2c9dbd24fac9448825d5b2e929958,
        type: 3}
      propertyPath: m_LocalRotation.z
      value: -0.0000004403614
      objectReference: {fileID: 0}
    - target: {fileID: 162829663711489957, guid: 2ed2c9dbd24fac9448825d5b2e929958,
        type: 3}
      propertyPath: m_LocalRotation.w
      value: -0.70710677
      objectReference: {fileID: 0}
    - target: {fileID: 162829663711489957, guid: 2ed2c9dbd24fac9448825d5b2e929958,
        type: 3}
      propertyPath: m_RootOrder
      value: 3
      objectReference: {fileID: 0}
    - target: {fileID: 162829663711489957, guid: 2ed2c9dbd24fac9448825d5b2e929958,
        type: 3}
      propertyPath: m_LocalEulerAnglesHint.x
      value: 90
      objectReference: {fileID: 0}
    - target: {fileID: 162829663711489957, guid: 2ed2c9dbd24fac9448825d5b2e929958,
        type: 3}
      propertyPath: m_LocalEulerAnglesHint.y
      value: 180
      objectReference: {fileID: 0}
    - target: {fileID: 162829663711489957, guid: 2ed2c9dbd24fac9448825d5b2e929958,
        type: 3}
      propertyPath: m_LocalEulerAnglesHint.z
      value: -180
      objectReference: {fileID: 0}
    m_RemovedComponents: []
  m_SourcePrefab: {fileID: 100100000, guid: 2ed2c9dbd24fac9448825d5b2e929958, type: 3}
--- !u!4 &2476408699105943782 stripped
Transform:
  m_CorrespondingSourceObject: {fileID: 162829663711489957, guid: 2ed2c9dbd24fac9448825d5b2e929958,
    type: 3}
  m_PrefabInstance: {fileID: 2314714007347318595}
  m_PrefabAsset: {fileID: 0}
--- !u!1001 &2568589526580906840
PrefabInstance:
  m_ObjectHideFlags: 0
  serializedVersion: 2
  m_Modification:
    m_TransformParent: {fileID: 5587856585196304606}
    m_Modifications:
    - target: {fileID: 9099901654467607343, guid: 3b62a79df1dd7e14fbec28258123f875,
        type: 3}
      propertyPath: m_Name
      value: RoadLong (10)
      objectReference: {fileID: 0}
    - target: {fileID: 8083067348391601981, guid: 3b62a79df1dd7e14fbec28258123f875,
        type: 3}
      propertyPath: m_LocalPosition.x
      value: -1
      objectReference: {fileID: 0}
    - target: {fileID: 8083067348391601981, guid: 3b62a79df1dd7e14fbec28258123f875,
        type: 3}
      propertyPath: m_LocalPosition.y
      value: 0
      objectReference: {fileID: 0}
    - target: {fileID: 8083067348391601981, guid: 3b62a79df1dd7e14fbec28258123f875,
        type: 3}
      propertyPath: m_LocalPosition.z
      value: 4
      objectReference: {fileID: 0}
    - target: {fileID: 8083067348391601981, guid: 3b62a79df1dd7e14fbec28258123f875,
        type: 3}
      propertyPath: m_LocalRotation.x
      value: 0.5
      objectReference: {fileID: 0}
    - target: {fileID: 8083067348391601981, guid: 3b62a79df1dd7e14fbec28258123f875,
        type: 3}
      propertyPath: m_LocalRotation.y
      value: -0.5
      objectReference: {fileID: 0}
    - target: {fileID: 8083067348391601981, guid: 3b62a79df1dd7e14fbec28258123f875,
        type: 3}
      propertyPath: m_LocalRotation.z
      value: 0.5
      objectReference: {fileID: 0}
    - target: {fileID: 8083067348391601981, guid: 3b62a79df1dd7e14fbec28258123f875,
        type: 3}
      propertyPath: m_LocalRotation.w
      value: 0.5
      objectReference: {fileID: 0}
    - target: {fileID: 8083067348391601981, guid: 3b62a79df1dd7e14fbec28258123f875,
        type: 3}
      propertyPath: m_RootOrder
      value: 14
      objectReference: {fileID: 0}
    - target: {fileID: 8083067348391601981, guid: 3b62a79df1dd7e14fbec28258123f875,
        type: 3}
      propertyPath: m_LocalEulerAnglesHint.x
      value: 90
      objectReference: {fileID: 0}
    - target: {fileID: 8083067348391601981, guid: 3b62a79df1dd7e14fbec28258123f875,
        type: 3}
      propertyPath: m_LocalEulerAnglesHint.y
      value: 0
      objectReference: {fileID: 0}
    - target: {fileID: 8083067348391601981, guid: 3b62a79df1dd7e14fbec28258123f875,
        type: 3}
      propertyPath: m_LocalEulerAnglesHint.z
      value: 90
      objectReference: {fileID: 0}
    m_RemovedComponents: []
  m_SourcePrefab: {fileID: 100100000, guid: 3b62a79df1dd7e14fbec28258123f875, type: 3}
--- !u!4 &6019523236651625573 stripped
Transform:
  m_CorrespondingSourceObject: {fileID: 8083067348391601981, guid: 3b62a79df1dd7e14fbec28258123f875,
    type: 3}
  m_PrefabInstance: {fileID: 2568589526580906840}
  m_PrefabAsset: {fileID: 0}
--- !u!1001 &2919469960628984291
PrefabInstance:
  m_ObjectHideFlags: 0
  serializedVersion: 2
  m_Modification:
    m_TransformParent: {fileID: 5587856585196304606}
    m_Modifications:
    - target: {fileID: 9099901654467607343, guid: 3b62a79df1dd7e14fbec28258123f875,
        type: 3}
      propertyPath: m_Name
      value: RoadLong (5)
      objectReference: {fileID: 0}
    - target: {fileID: 8083067348391601981, guid: 3b62a79df1dd7e14fbec28258123f875,
        type: 3}
      propertyPath: m_LocalPosition.x
      value: -2
      objectReference: {fileID: 0}
    - target: {fileID: 8083067348391601981, guid: 3b62a79df1dd7e14fbec28258123f875,
        type: 3}
      propertyPath: m_LocalPosition.y
      value: 0
      objectReference: {fileID: 0}
    - target: {fileID: 8083067348391601981, guid: 3b62a79df1dd7e14fbec28258123f875,
        type: 3}
      propertyPath: m_LocalPosition.z
      value: -1
      objectReference: {fileID: 0}
    - target: {fileID: 8083067348391601981, guid: 3b62a79df1dd7e14fbec28258123f875,
        type: 3}
      propertyPath: m_LocalRotation.x
      value: 0.7071068
      objectReference: {fileID: 0}
    - target: {fileID: 8083067348391601981, guid: 3b62a79df1dd7e14fbec28258123f875,
        type: 3}
      propertyPath: m_LocalRotation.y
      value: -0
      objectReference: {fileID: 0}
    - target: {fileID: 8083067348391601981, guid: 3b62a79df1dd7e14fbec28258123f875,
        type: 3}
      propertyPath: m_LocalRotation.z
      value: -0
      objectReference: {fileID: 0}
    - target: {fileID: 8083067348391601981, guid: 3b62a79df1dd7e14fbec28258123f875,
        type: 3}
      propertyPath: m_LocalRotation.w
      value: 0.7071068
      objectReference: {fileID: 0}
    - target: {fileID: 8083067348391601981, guid: 3b62a79df1dd7e14fbec28258123f875,
        type: 3}
      propertyPath: m_RootOrder
      value: 9
      objectReference: {fileID: 0}
    - target: {fileID: 8083067348391601981, guid: 3b62a79df1dd7e14fbec28258123f875,
        type: 3}
      propertyPath: m_LocalEulerAnglesHint.x
      value: 90
      objectReference: {fileID: 0}
    - target: {fileID: 8083067348391601981, guid: 3b62a79df1dd7e14fbec28258123f875,
        type: 3}
      propertyPath: m_LocalEulerAnglesHint.y
      value: 0
      objectReference: {fileID: 0}
    - target: {fileID: 8083067348391601981, guid: 3b62a79df1dd7e14fbec28258123f875,
        type: 3}
      propertyPath: m_LocalEulerAnglesHint.z
      value: 0
      objectReference: {fileID: 0}
    m_RemovedComponents: []
  m_SourcePrefab: {fileID: 100100000, guid: 3b62a79df1dd7e14fbec28258123f875, type: 3}
--- !u!4 &6388594233330532062 stripped
Transform:
  m_CorrespondingSourceObject: {fileID: 8083067348391601981, guid: 3b62a79df1dd7e14fbec28258123f875,
    type: 3}
  m_PrefabInstance: {fileID: 2919469960628984291}
  m_PrefabAsset: {fileID: 0}
--- !u!1001 &2966341455930576877
PrefabInstance:
  m_ObjectHideFlags: 0
  serializedVersion: 2
  m_Modification:
    m_TransformParent: {fileID: 5587856585196304606}
    m_Modifications:
    - target: {fileID: 9099901654467607343, guid: 3b62a79df1dd7e14fbec28258123f875,
        type: 3}
      propertyPath: m_Name
      value: RoadLong (20)
      objectReference: {fileID: 0}
    - target: {fileID: 8083067348391601981, guid: 3b62a79df1dd7e14fbec28258123f875,
        type: 3}
      propertyPath: m_LocalPosition.x
      value: -5
      objectReference: {fileID: 0}
    - target: {fileID: 8083067348391601981, guid: 3b62a79df1dd7e14fbec28258123f875,
        type: 3}
      propertyPath: m_LocalPosition.y
      value: 0
      objectReference: {fileID: 0}
    - target: {fileID: 8083067348391601981, guid: 3b62a79df1dd7e14fbec28258123f875,
        type: 3}
      propertyPath: m_LocalPosition.z
      value: 6
      objectReference: {fileID: 0}
    - target: {fileID: 8083067348391601981, guid: 3b62a79df1dd7e14fbec28258123f875,
        type: 3}
      propertyPath: m_LocalRotation.x
      value: 0.7071068
      objectReference: {fileID: 0}
    - target: {fileID: 8083067348391601981, guid: 3b62a79df1dd7e14fbec28258123f875,
        type: 3}
      propertyPath: m_LocalRotation.y
      value: -0
      objectReference: {fileID: 0}
    - target: {fileID: 8083067348391601981, guid: 3b62a79df1dd7e14fbec28258123f875,
        type: 3}
      propertyPath: m_LocalRotation.z
      value: -0
      objectReference: {fileID: 0}
    - target: {fileID: 8083067348391601981, guid: 3b62a79df1dd7e14fbec28258123f875,
        type: 3}
      propertyPath: m_LocalRotation.w
      value: 0.7071068
      objectReference: {fileID: 0}
    - target: {fileID: 8083067348391601981, guid: 3b62a79df1dd7e14fbec28258123f875,
        type: 3}
      propertyPath: m_RootOrder
      value: 24
      objectReference: {fileID: 0}
    - target: {fileID: 8083067348391601981, guid: 3b62a79df1dd7e14fbec28258123f875,
        type: 3}
      propertyPath: m_LocalEulerAnglesHint.x
      value: 90
      objectReference: {fileID: 0}
    - target: {fileID: 8083067348391601981, guid: 3b62a79df1dd7e14fbec28258123f875,
        type: 3}
      propertyPath: m_LocalEulerAnglesHint.y
      value: 0
      objectReference: {fileID: 0}
    - target: {fileID: 8083067348391601981, guid: 3b62a79df1dd7e14fbec28258123f875,
        type: 3}
      propertyPath: m_LocalEulerAnglesHint.z
      value: 0
      objectReference: {fileID: 0}
    m_RemovedComponents: []
  m_SourcePrefab: {fileID: 100100000, guid: 3b62a79df1dd7e14fbec28258123f875, type: 3}
--- !u!4 &6414917227609417936 stripped
Transform:
  m_CorrespondingSourceObject: {fileID: 8083067348391601981, guid: 3b62a79df1dd7e14fbec28258123f875,
    type: 3}
  m_PrefabInstance: {fileID: 2966341455930576877}
  m_PrefabAsset: {fileID: 0}
--- !u!1001 &3131675454385511464
PrefabInstance:
  m_ObjectHideFlags: 0
  serializedVersion: 2
  m_Modification:
    m_TransformParent: {fileID: 5587856585196304606}
    m_Modifications:
    - target: {fileID: 9099901654467607343, guid: 3b62a79df1dd7e14fbec28258123f875,
        type: 3}
      propertyPath: m_Name
      value: RoadLong (16)
      objectReference: {fileID: 0}
    - target: {fileID: 8083067348391601981, guid: 3b62a79df1dd7e14fbec28258123f875,
        type: 3}
      propertyPath: m_LocalPosition.x
      value: -8
      objectReference: {fileID: 0}
    - target: {fileID: 8083067348391601981, guid: 3b62a79df1dd7e14fbec28258123f875,
        type: 3}
      propertyPath: m_LocalPosition.y
      value: 0
      objectReference: {fileID: 0}
    - target: {fileID: 8083067348391601981, guid: 3b62a79df1dd7e14fbec28258123f875,
        type: 3}
      propertyPath: m_LocalPosition.z
      value: 4
      objectReference: {fileID: 0}
    - target: {fileID: 8083067348391601981, guid: 3b62a79df1dd7e14fbec28258123f875,
        type: 3}
      propertyPath: m_LocalRotation.x
      value: 0.5
      objectReference: {fileID: 0}
    - target: {fileID: 8083067348391601981, guid: 3b62a79df1dd7e14fbec28258123f875,
        type: 3}
      propertyPath: m_LocalRotation.y
      value: -0.5
      objectReference: {fileID: 0}
    - target: {fileID: 8083067348391601981, guid: 3b62a79df1dd7e14fbec28258123f875,
        type: 3}
      propertyPath: m_LocalRotation.z
      value: 0.5
      objectReference: {fileID: 0}
    - target: {fileID: 8083067348391601981, guid: 3b62a79df1dd7e14fbec28258123f875,
        type: 3}
      propertyPath: m_LocalRotation.w
      value: 0.5
      objectReference: {fileID: 0}
    - target: {fileID: 8083067348391601981, guid: 3b62a79df1dd7e14fbec28258123f875,
        type: 3}
      propertyPath: m_RootOrder
      value: 20
      objectReference: {fileID: 0}
    - target: {fileID: 8083067348391601981, guid: 3b62a79df1dd7e14fbec28258123f875,
        type: 3}
      propertyPath: m_LocalEulerAnglesHint.x
      value: 90
      objectReference: {fileID: 0}
    - target: {fileID: 8083067348391601981, guid: 3b62a79df1dd7e14fbec28258123f875,
        type: 3}
      propertyPath: m_LocalEulerAnglesHint.y
      value: 0
      objectReference: {fileID: 0}
    - target: {fileID: 8083067348391601981, guid: 3b62a79df1dd7e14fbec28258123f875,
        type: 3}
      propertyPath: m_LocalEulerAnglesHint.z
      value: 90
      objectReference: {fileID: 0}
    m_RemovedComponents: []
  m_SourcePrefab: {fileID: 100100000, guid: 3b62a79df1dd7e14fbec28258123f875, type: 3}
--- !u!4 &6582328436793408277 stripped
Transform:
  m_CorrespondingSourceObject: {fileID: 8083067348391601981, guid: 3b62a79df1dd7e14fbec28258123f875,
    type: 3}
  m_PrefabInstance: {fileID: 3131675454385511464}
  m_PrefabAsset: {fileID: 0}
--- !u!1001 &3682759532439318684
PrefabInstance:
  m_ObjectHideFlags: 0
  serializedVersion: 2
  m_Modification:
    m_TransformParent: {fileID: 5587856585196304606}
    m_Modifications:
    - target: {fileID: 9099901654467607343, guid: 3b62a79df1dd7e14fbec28258123f875,
        type: 3}
      propertyPath: m_Name
      value: RoadLong (9)
      objectReference: {fileID: 0}
    - target: {fileID: 8083067348391601981, guid: 3b62a79df1dd7e14fbec28258123f875,
        type: 3}
      propertyPath: m_LocalPosition.x
      value: -1
      objectReference: {fileID: 0}
    - target: {fileID: 8083067348391601981, guid: 3b62a79df1dd7e14fbec28258123f875,
        type: 3}
      propertyPath: m_LocalPosition.y
      value: 0
      objectReference: {fileID: 0}
    - target: {fileID: 8083067348391601981, guid: 3b62a79df1dd7e14fbec28258123f875,
        type: 3}
      propertyPath: m_LocalPosition.z
      value: 3
      objectReference: {fileID: 0}
    - target: {fileID: 8083067348391601981, guid: 3b62a79df1dd7e14fbec28258123f875,
        type: 3}
      propertyPath: m_LocalRotation.x
      value: 0.5
      objectReference: {fileID: 0}
    - target: {fileID: 8083067348391601981, guid: 3b62a79df1dd7e14fbec28258123f875,
        type: 3}
      propertyPath: m_LocalRotation.y
      value: -0.5
      objectReference: {fileID: 0}
    - target: {fileID: 8083067348391601981, guid: 3b62a79df1dd7e14fbec28258123f875,
        type: 3}
      propertyPath: m_LocalRotation.z
      value: 0.5
      objectReference: {fileID: 0}
    - target: {fileID: 8083067348391601981, guid: 3b62a79df1dd7e14fbec28258123f875,
        type: 3}
      propertyPath: m_LocalRotation.w
      value: 0.5
      objectReference: {fileID: 0}
    - target: {fileID: 8083067348391601981, guid: 3b62a79df1dd7e14fbec28258123f875,
        type: 3}
      propertyPath: m_RootOrder
      value: 13
      objectReference: {fileID: 0}
    - target: {fileID: 8083067348391601981, guid: 3b62a79df1dd7e14fbec28258123f875,
        type: 3}
      propertyPath: m_LocalEulerAnglesHint.x
      value: 90
      objectReference: {fileID: 0}
    - target: {fileID: 8083067348391601981, guid: 3b62a79df1dd7e14fbec28258123f875,
        type: 3}
      propertyPath: m_LocalEulerAnglesHint.y
      value: 0
      objectReference: {fileID: 0}
    - target: {fileID: 8083067348391601981, guid: 3b62a79df1dd7e14fbec28258123f875,
        type: 3}
      propertyPath: m_LocalEulerAnglesHint.z
      value: 90
      objectReference: {fileID: 0}
    m_RemovedComponents: []
  m_SourcePrefab: {fileID: 100100000, guid: 3b62a79df1dd7e14fbec28258123f875, type: 3}
--- !u!4 &4843367022019090337 stripped
Transform:
  m_CorrespondingSourceObject: {fileID: 8083067348391601981, guid: 3b62a79df1dd7e14fbec28258123f875,
    type: 3}
  m_PrefabInstance: {fileID: 3682759532439318684}
  m_PrefabAsset: {fileID: 0}
--- !u!1001 &3968405032109096610
PrefabInstance:
  m_ObjectHideFlags: 0
  serializedVersion: 2
  m_Modification:
    m_TransformParent: {fileID: 5587856585196304606}
    m_Modifications:
    - target: {fileID: 9099901654467607343, guid: 3b62a79df1dd7e14fbec28258123f875,
        type: 3}
      propertyPath: m_Name
      value: RoadLong (7)
      objectReference: {fileID: 0}
    - target: {fileID: 8083067348391601981, guid: 3b62a79df1dd7e14fbec28258123f875,
        type: 3}
      propertyPath: m_LocalPosition.x
      value: -1
      objectReference: {fileID: 0}
    - target: {fileID: 8083067348391601981, guid: 3b62a79df1dd7e14fbec28258123f875,
        type: 3}
      propertyPath: m_LocalPosition.y
      value: 0
      objectReference: {fileID: 0}
    - target: {fileID: 8083067348391601981, guid: 3b62a79df1dd7e14fbec28258123f875,
        type: 3}
      propertyPath: m_LocalPosition.z
      value: 1
      objectReference: {fileID: 0}
    - target: {fileID: 8083067348391601981, guid: 3b62a79df1dd7e14fbec28258123f875,
        type: 3}
      propertyPath: m_LocalRotation.x
      value: 0.5
      objectReference: {fileID: 0}
    - target: {fileID: 8083067348391601981, guid: 3b62a79df1dd7e14fbec28258123f875,
        type: 3}
      propertyPath: m_LocalRotation.y
      value: -0.5
      objectReference: {fileID: 0}
    - target: {fileID: 8083067348391601981, guid: 3b62a79df1dd7e14fbec28258123f875,
        type: 3}
      propertyPath: m_LocalRotation.z
      value: 0.5
      objectReference: {fileID: 0}
    - target: {fileID: 8083067348391601981, guid: 3b62a79df1dd7e14fbec28258123f875,
        type: 3}
      propertyPath: m_LocalRotation.w
      value: 0.5
      objectReference: {fileID: 0}
    - target: {fileID: 8083067348391601981, guid: 3b62a79df1dd7e14fbec28258123f875,
        type: 3}
      propertyPath: m_RootOrder
      value: 11
      objectReference: {fileID: 0}
    - target: {fileID: 8083067348391601981, guid: 3b62a79df1dd7e14fbec28258123f875,
        type: 3}
      propertyPath: m_LocalEulerAnglesHint.x
      value: 90
      objectReference: {fileID: 0}
    - target: {fileID: 8083067348391601981, guid: 3b62a79df1dd7e14fbec28258123f875,
        type: 3}
      propertyPath: m_LocalEulerAnglesHint.y
      value: 0
      objectReference: {fileID: 0}
    - target: {fileID: 8083067348391601981, guid: 3b62a79df1dd7e14fbec28258123f875,
        type: 3}
      propertyPath: m_LocalEulerAnglesHint.z
      value: 90
      objectReference: {fileID: 0}
    m_RemovedComponents: []
  m_SourcePrefab: {fileID: 100100000, guid: 3b62a79df1dd7e14fbec28258123f875, type: 3}
--- !u!4 &5133621665037326751 stripped
Transform:
  m_CorrespondingSourceObject: {fileID: 8083067348391601981, guid: 3b62a79df1dd7e14fbec28258123f875,
    type: 3}
  m_PrefabInstance: {fileID: 3968405032109096610}
  m_PrefabAsset: {fileID: 0}
--- !u!1001 &4730539208119456563
PrefabInstance:
  m_ObjectHideFlags: 0
  serializedVersion: 2
  m_Modification:
    m_TransformParent: {fileID: 5587856585196304606}
    m_Modifications:
    - target: {fileID: 6643423089499489438, guid: 2ed2c9dbd24fac9448825d5b2e929958,
        type: 3}
      propertyPath: m_Name
      value: Road2turn
      objectReference: {fileID: 0}
    - target: {fileID: 162829663711489957, guid: 2ed2c9dbd24fac9448825d5b2e929958,
        type: 3}
      propertyPath: m_LocalPosition.x
      value: -8
      objectReference: {fileID: 0}
    - target: {fileID: 162829663711489957, guid: 2ed2c9dbd24fac9448825d5b2e929958,
        type: 3}
      propertyPath: m_LocalPosition.y
      value: 0
      objectReference: {fileID: 0}
    - target: {fileID: 162829663711489957, guid: 2ed2c9dbd24fac9448825d5b2e929958,
        type: 3}
      propertyPath: m_LocalPosition.z
      value: -1
      objectReference: {fileID: 0}
    - target: {fileID: 162829663711489957, guid: 2ed2c9dbd24fac9448825d5b2e929958,
        type: 3}
      propertyPath: m_LocalRotation.x
      value: -0
      objectReference: {fileID: 0}
    - target: {fileID: 162829663711489957, guid: 2ed2c9dbd24fac9448825d5b2e929958,
        type: 3}
      propertyPath: m_LocalRotation.y
      value: 0.7071068
      objectReference: {fileID: 0}
    - target: {fileID: 162829663711489957, guid: 2ed2c9dbd24fac9448825d5b2e929958,
        type: 3}
      propertyPath: m_LocalRotation.z
      value: -0.7071068
      objectReference: {fileID: 0}
    - target: {fileID: 162829663711489957, guid: 2ed2c9dbd24fac9448825d5b2e929958,
        type: 3}
      propertyPath: m_LocalRotation.w
      value: 0
      objectReference: {fileID: 0}
    - target: {fileID: 162829663711489957, guid: 2ed2c9dbd24fac9448825d5b2e929958,
        type: 3}
      propertyPath: m_RootOrder
      value: 0
      objectReference: {fileID: 0}
    - target: {fileID: 162829663711489957, guid: 2ed2c9dbd24fac9448825d5b2e929958,
        type: 3}
      propertyPath: m_LocalEulerAnglesHint.x
      value: 90
      objectReference: {fileID: 0}
    - target: {fileID: 162829663711489957, guid: 2ed2c9dbd24fac9448825d5b2e929958,
        type: 3}
      propertyPath: m_LocalEulerAnglesHint.y
      value: 180
      objectReference: {fileID: 0}
    - target: {fileID: 162829663711489957, guid: 2ed2c9dbd24fac9448825d5b2e929958,
        type: 3}
      propertyPath: m_LocalEulerAnglesHint.z
      value: 0
      objectReference: {fileID: 0}
    m_RemovedComponents: []
  m_SourcePrefab: {fileID: 100100000, guid: 2ed2c9dbd24fac9448825d5b2e929958, type: 3}
--- !u!4 &4892102095654616214 stripped
Transform:
  m_CorrespondingSourceObject: {fileID: 162829663711489957, guid: 2ed2c9dbd24fac9448825d5b2e929958,
    type: 3}
  m_PrefabInstance: {fileID: 4730539208119456563}
  m_PrefabAsset: {fileID: 0}
--- !u!1001 &4850393673210802077
PrefabInstance:
  m_ObjectHideFlags: 0
  serializedVersion: 2
  m_Modification:
    m_TransformParent: {fileID: 5587856585196304606}
    m_Modifications:
    - target: {fileID: 9099901654467607343, guid: 3b62a79df1dd7e14fbec28258123f875,
        type: 3}
      propertyPath: m_Name
      value: RoadLong (1)
      objectReference: {fileID: 0}
    - target: {fileID: 8083067348391601981, guid: 3b62a79df1dd7e14fbec28258123f875,
        type: 3}
      propertyPath: m_LocalPosition.x
      value: -6
      objectReference: {fileID: 0}
    - target: {fileID: 8083067348391601981, guid: 3b62a79df1dd7e14fbec28258123f875,
        type: 3}
      propertyPath: m_LocalPosition.y
      value: 0
      objectReference: {fileID: 0}
    - target: {fileID: 8083067348391601981, guid: 3b62a79df1dd7e14fbec28258123f875,
        type: 3}
      propertyPath: m_LocalPosition.z
      value: -1
      objectReference: {fileID: 0}
    - target: {fileID: 8083067348391601981, guid: 3b62a79df1dd7e14fbec28258123f875,
        type: 3}
      propertyPath: m_LocalRotation.x
      value: 0.7071068
      objectReference: {fileID: 0}
    - target: {fileID: 8083067348391601981, guid: 3b62a79df1dd7e14fbec28258123f875,
        type: 3}
      propertyPath: m_LocalRotation.y
      value: -0
      objectReference: {fileID: 0}
    - target: {fileID: 8083067348391601981, guid: 3b62a79df1dd7e14fbec28258123f875,
        type: 3}
      propertyPath: m_LocalRotation.z
      value: -0
      objectReference: {fileID: 0}
    - target: {fileID: 8083067348391601981, guid: 3b62a79df1dd7e14fbec28258123f875,
        type: 3}
      propertyPath: m_LocalRotation.w
      value: 0.7071068
      objectReference: {fileID: 0}
    - target: {fileID: 8083067348391601981, guid: 3b62a79df1dd7e14fbec28258123f875,
        type: 3}
      propertyPath: m_RootOrder
      value: 5
      objectReference: {fileID: 0}
    - target: {fileID: 8083067348391601981, guid: 3b62a79df1dd7e14fbec28258123f875,
        type: 3}
      propertyPath: m_LocalEulerAnglesHint.x
      value: 90
      objectReference: {fileID: 0}
    - target: {fileID: 8083067348391601981, guid: 3b62a79df1dd7e14fbec28258123f875,
        type: 3}
      propertyPath: m_LocalEulerAnglesHint.y
      value: 0
      objectReference: {fileID: 0}
    - target: {fileID: 8083067348391601981, guid: 3b62a79df1dd7e14fbec28258123f875,
        type: 3}
      propertyPath: m_LocalEulerAnglesHint.z
      value: 0
      objectReference: {fileID: 0}
    m_RemovedComponents: []
  m_SourcePrefab: {fileID: 100100000, guid: 3b62a79df1dd7e14fbec28258123f875, type: 3}
--- !u!4 &3710083964736145568 stripped
Transform:
  m_CorrespondingSourceObject: {fileID: 8083067348391601981, guid: 3b62a79df1dd7e14fbec28258123f875,
    type: 3}
  m_PrefabInstance: {fileID: 4850393673210802077}
  m_PrefabAsset: {fileID: 0}
--- !u!1001 &4953992802195732676
PrefabInstance:
  m_ObjectHideFlags: 0
  serializedVersion: 2
  m_Modification:
    m_TransformParent: {fileID: 5587856585196304606}
    m_Modifications:
    - target: {fileID: 9099901654467607343, guid: 3b62a79df1dd7e14fbec28258123f875,
        type: 3}
      propertyPath: m_Name
      value: RoadLong (12)
      objectReference: {fileID: 0}
    - target: {fileID: 8083067348391601981, guid: 3b62a79df1dd7e14fbec28258123f875,
        type: 3}
      propertyPath: m_LocalPosition.x
      value: -8
      objectReference: {fileID: 0}
    - target: {fileID: 8083067348391601981, guid: 3b62a79df1dd7e14fbec28258123f875,
        type: 3}
      propertyPath: m_LocalPosition.y
      value: 0
      objectReference: {fileID: 0}
    - target: {fileID: 8083067348391601981, guid: 3b62a79df1dd7e14fbec28258123f875,
        type: 3}
      propertyPath: m_LocalPosition.z
      value: 0
      objectReference: {fileID: 0}
    - target: {fileID: 8083067348391601981, guid: 3b62a79df1dd7e14fbec28258123f875,
        type: 3}
      propertyPath: m_LocalRotation.x
      value: 0.5
      objectReference: {fileID: 0}
    - target: {fileID: 8083067348391601981, guid: 3b62a79df1dd7e14fbec28258123f875,
        type: 3}
      propertyPath: m_LocalRotation.y
      value: -0.5
      objectReference: {fileID: 0}
    - target: {fileID: 8083067348391601981, guid: 3b62a79df1dd7e14fbec28258123f875,
        type: 3}
      propertyPath: m_LocalRotation.z
      value: 0.5
      objectReference: {fileID: 0}
    - target: {fileID: 8083067348391601981, guid: 3b62a79df1dd7e14fbec28258123f875,
        type: 3}
      propertyPath: m_LocalRotation.w
      value: 0.5
      objectReference: {fileID: 0}
    - target: {fileID: 8083067348391601981, guid: 3b62a79df1dd7e14fbec28258123f875,
        type: 3}
      propertyPath: m_RootOrder
      value: 16
      objectReference: {fileID: 0}
    - target: {fileID: 8083067348391601981, guid: 3b62a79df1dd7e14fbec28258123f875,
        type: 3}
      propertyPath: m_LocalEulerAnglesHint.x
      value: 90
      objectReference: {fileID: 0}
    - target: {fileID: 8083067348391601981, guid: 3b62a79df1dd7e14fbec28258123f875,
        type: 3}
      propertyPath: m_LocalEulerAnglesHint.y
      value: 0
      objectReference: {fileID: 0}
    - target: {fileID: 8083067348391601981, guid: 3b62a79df1dd7e14fbec28258123f875,
        type: 3}
      propertyPath: m_LocalEulerAnglesHint.z
      value: 90
      objectReference: {fileID: 0}
    m_RemovedComponents: []
  m_SourcePrefab: {fileID: 100100000, guid: 3b62a79df1dd7e14fbec28258123f875, type: 3}
--- !u!4 &3813648219654021113 stripped
Transform:
  m_CorrespondingSourceObject: {fileID: 8083067348391601981, guid: 3b62a79df1dd7e14fbec28258123f875,
    type: 3}
  m_PrefabInstance: {fileID: 4953992802195732676}
  m_PrefabAsset: {fileID: 0}
--- !u!1001 &5219713345100877448
PrefabInstance:
  m_ObjectHideFlags: 0
  serializedVersion: 2
  m_Modification:
    m_TransformParent: {fileID: 5587856585196304606}
    m_Modifications:
    - target: {fileID: 9099901654467607343, guid: 3b62a79df1dd7e14fbec28258123f875,
        type: 3}
      propertyPath: m_Name
      value: RoadLong (14)
      objectReference: {fileID: 0}
    - target: {fileID: 8083067348391601981, guid: 3b62a79df1dd7e14fbec28258123f875,
        type: 3}
      propertyPath: m_LocalPosition.x
      value: -8
      objectReference: {fileID: 0}
    - target: {fileID: 8083067348391601981, guid: 3b62a79df1dd7e14fbec28258123f875,
        type: 3}
      propertyPath: m_LocalPosition.y
      value: 0
      objectReference: {fileID: 0}
    - target: {fileID: 8083067348391601981, guid: 3b62a79df1dd7e14fbec28258123f875,
        type: 3}
      propertyPath: m_LocalPosition.z
      value: 2
      objectReference: {fileID: 0}
    - target: {fileID: 8083067348391601981, guid: 3b62a79df1dd7e14fbec28258123f875,
        type: 3}
      propertyPath: m_LocalRotation.x
      value: 0.5
      objectReference: {fileID: 0}
    - target: {fileID: 8083067348391601981, guid: 3b62a79df1dd7e14fbec28258123f875,
        type: 3}
      propertyPath: m_LocalRotation.y
      value: -0.5
      objectReference: {fileID: 0}
    - target: {fileID: 8083067348391601981, guid: 3b62a79df1dd7e14fbec28258123f875,
        type: 3}
      propertyPath: m_LocalRotation.z
      value: 0.5
      objectReference: {fileID: 0}
    - target: {fileID: 8083067348391601981, guid: 3b62a79df1dd7e14fbec28258123f875,
        type: 3}
      propertyPath: m_LocalRotation.w
      value: 0.5
      objectReference: {fileID: 0}
    - target: {fileID: 8083067348391601981, guid: 3b62a79df1dd7e14fbec28258123f875,
        type: 3}
      propertyPath: m_RootOrder
      value: 18
      objectReference: {fileID: 0}
    - target: {fileID: 8083067348391601981, guid: 3b62a79df1dd7e14fbec28258123f875,
        type: 3}
      propertyPath: m_LocalEulerAnglesHint.x
      value: 90
      objectReference: {fileID: 0}
    - target: {fileID: 8083067348391601981, guid: 3b62a79df1dd7e14fbec28258123f875,
        type: 3}
      propertyPath: m_LocalEulerAnglesHint.y
      value: 0
      objectReference: {fileID: 0}
    - target: {fileID: 8083067348391601981, guid: 3b62a79df1dd7e14fbec28258123f875,
        type: 3}
      propertyPath: m_LocalEulerAnglesHint.z
      value: 90
      objectReference: {fileID: 0}
    m_RemovedComponents: []
  m_SourcePrefab: {fileID: 100100000, guid: 3b62a79df1dd7e14fbec28258123f875, type: 3}
--- !u!4 &4061392872864885173 stripped
Transform:
  m_CorrespondingSourceObject: {fileID: 8083067348391601981, guid: 3b62a79df1dd7e14fbec28258123f875,
    type: 3}
  m_PrefabInstance: {fileID: 5219713345100877448}
  m_PrefabAsset: {fileID: 0}
--- !u!1001 &5471083382088407114
PrefabInstance:
  m_ObjectHideFlags: 0
  serializedVersion: 2
  m_Modification:
    m_TransformParent: {fileID: 5587856585196304606}
    m_Modifications:
    - target: {fileID: 9099901654467607343, guid: 3b62a79df1dd7e14fbec28258123f875,
        type: 3}
      propertyPath: m_Name
      value: RoadLong (17)
      objectReference: {fileID: 0}
    - target: {fileID: 8083067348391601981, guid: 3b62a79df1dd7e14fbec28258123f875,
        type: 3}
      propertyPath: m_LocalPosition.x
      value: -8
      objectReference: {fileID: 0}
    - target: {fileID: 8083067348391601981, guid: 3b62a79df1dd7e14fbec28258123f875,
        type: 3}
      propertyPath: m_LocalPosition.y
      value: 0
      objectReference: {fileID: 0}
    - target: {fileID: 8083067348391601981, guid: 3b62a79df1dd7e14fbec28258123f875,
        type: 3}
      propertyPath: m_LocalPosition.z
      value: 5
      objectReference: {fileID: 0}
    - target: {fileID: 8083067348391601981, guid: 3b62a79df1dd7e14fbec28258123f875,
        type: 3}
      propertyPath: m_LocalRotation.x
      value: 0.5
      objectReference: {fileID: 0}
    - target: {fileID: 8083067348391601981, guid: 3b62a79df1dd7e14fbec28258123f875,
        type: 3}
      propertyPath: m_LocalRotation.y
      value: -0.5
      objectReference: {fileID: 0}
    - target: {fileID: 8083067348391601981, guid: 3b62a79df1dd7e14fbec28258123f875,
        type: 3}
      propertyPath: m_LocalRotation.z
      value: 0.5
      objectReference: {fileID: 0}
    - target: {fileID: 8083067348391601981, guid: 3b62a79df1dd7e14fbec28258123f875,
        type: 3}
      propertyPath: m_LocalRotation.w
      value: 0.5
      objectReference: {fileID: 0}
    - target: {fileID: 8083067348391601981, guid: 3b62a79df1dd7e14fbec28258123f875,
        type: 3}
      propertyPath: m_RootOrder
      value: 21
      objectReference: {fileID: 0}
    - target: {fileID: 8083067348391601981, guid: 3b62a79df1dd7e14fbec28258123f875,
        type: 3}
      propertyPath: m_LocalEulerAnglesHint.x
      value: 90
      objectReference: {fileID: 0}
    - target: {fileID: 8083067348391601981, guid: 3b62a79df1dd7e14fbec28258123f875,
        type: 3}
      propertyPath: m_LocalEulerAnglesHint.y
      value: 0
      objectReference: {fileID: 0}
    - target: {fileID: 8083067348391601981, guid: 3b62a79df1dd7e14fbec28258123f875,
        type: 3}
      propertyPath: m_LocalEulerAnglesHint.z
      value: 90
      objectReference: {fileID: 0}
    m_RemovedComponents: []
  m_SourcePrefab: {fileID: 100100000, guid: 3b62a79df1dd7e14fbec28258123f875, type: 3}
--- !u!4 &4305973081943097207 stripped
Transform:
  m_CorrespondingSourceObject: {fileID: 8083067348391601981, guid: 3b62a79df1dd7e14fbec28258123f875,
    type: 3}
  m_PrefabInstance: {fileID: 5471083382088407114}
  m_PrefabAsset: {fileID: 0}
--- !u!1001 &5737796884872465558
PrefabInstance:
  m_ObjectHideFlags: 0
  serializedVersion: 2
  m_Modification:
    m_TransformParent: {fileID: 5587856585196304606}
    m_Modifications:
    - target: {fileID: 6643423089499489438, guid: 2ed2c9dbd24fac9448825d5b2e929958,
        type: 3}
      propertyPath: m_Name
      value: Road2turn (1)
      objectReference: {fileID: 0}
    - target: {fileID: 162829663711489957, guid: 2ed2c9dbd24fac9448825d5b2e929958,
        type: 3}
      propertyPath: m_LocalPosition.x
      value: -1
      objectReference: {fileID: 0}
    - target: {fileID: 162829663711489957, guid: 2ed2c9dbd24fac9448825d5b2e929958,
        type: 3}
      propertyPath: m_LocalPosition.y
      value: 0
      objectReference: {fileID: 0}
    - target: {fileID: 162829663711489957, guid: 2ed2c9dbd24fac9448825d5b2e929958,
        type: 3}
      propertyPath: m_LocalPosition.z
      value: -1
      objectReference: {fileID: 0}
    - target: {fileID: 162829663711489957, guid: 2ed2c9dbd24fac9448825d5b2e929958,
        type: 3}
      propertyPath: m_LocalRotation.x
      value: 0.49999985
      objectReference: {fileID: 0}
    - target: {fileID: 162829663711489957, guid: 2ed2c9dbd24fac9448825d5b2e929958,
        type: 3}
      propertyPath: m_LocalRotation.y
      value: 0.50000024
      objectReference: {fileID: 0}
    - target: {fileID: 162829663711489957, guid: 2ed2c9dbd24fac9448825d5b2e929958,
        type: 3}
      propertyPath: m_LocalRotation.z
      value: -0.50000024
      objectReference: {fileID: 0}
    - target: {fileID: 162829663711489957, guid: 2ed2c9dbd24fac9448825d5b2e929958,
        type: 3}
      propertyPath: m_LocalRotation.w
      value: 0.49999976
      objectReference: {fileID: 0}
    - target: {fileID: 162829663711489957, guid: 2ed2c9dbd24fac9448825d5b2e929958,
        type: 3}
      propertyPath: m_RootOrder
      value: 2
      objectReference: {fileID: 0}
    - target: {fileID: 162829663711489957, guid: 2ed2c9dbd24fac9448825d5b2e929958,
        type: 3}
      propertyPath: m_LocalEulerAnglesHint.x
      value: 90
      objectReference: {fileID: 0}
    - target: {fileID: 162829663711489957, guid: 2ed2c9dbd24fac9448825d5b2e929958,
        type: 3}
      propertyPath: m_LocalEulerAnglesHint.y
      value: 180
      objectReference: {fileID: 0}
    - target: {fileID: 162829663711489957, guid: 2ed2c9dbd24fac9448825d5b2e929958,
        type: 3}
      propertyPath: m_LocalEulerAnglesHint.z
      value: 89.99999
      objectReference: {fileID: 0}
    m_RemovedComponents: []
  m_SourcePrefab: {fileID: 100100000, guid: 2ed2c9dbd24fac9448825d5b2e929958, type: 3}
--- !u!4 &5612262948715225907 stripped
Transform:
  m_CorrespondingSourceObject: {fileID: 162829663711489957, guid: 2ed2c9dbd24fac9448825d5b2e929958,
    type: 3}
  m_PrefabInstance: {fileID: 5737796884872465558}
  m_PrefabAsset: {fileID: 0}
--- !u!1001 &5931439242343087201
PrefabInstance:
  m_ObjectHideFlags: 0
  serializedVersion: 2
  m_Modification:
    m_TransformParent: {fileID: 5587856585196304606}
    m_Modifications:
    - target: {fileID: 9099901654467607343, guid: 3b62a79df1dd7e14fbec28258123f875,
        type: 3}
      propertyPath: m_Name
      value: RoadLong (6)
      objectReference: {fileID: 0}
    - target: {fileID: 8083067348391601981, guid: 3b62a79df1dd7e14fbec28258123f875,
        type: 3}
      propertyPath: m_LocalPosition.x
      value: -1
      objectReference: {fileID: 0}
    - target: {fileID: 8083067348391601981, guid: 3b62a79df1dd7e14fbec28258123f875,
        type: 3}
      propertyPath: m_LocalPosition.y
      value: 0
      objectReference: {fileID: 0}
    - target: {fileID: 8083067348391601981, guid: 3b62a79df1dd7e14fbec28258123f875,
        type: 3}
      propertyPath: m_LocalPosition.z
      value: 0
      objectReference: {fileID: 0}
    - target: {fileID: 8083067348391601981, guid: 3b62a79df1dd7e14fbec28258123f875,
        type: 3}
      propertyPath: m_LocalRotation.x
      value: 0.5
      objectReference: {fileID: 0}
    - target: {fileID: 8083067348391601981, guid: 3b62a79df1dd7e14fbec28258123f875,
        type: 3}
      propertyPath: m_LocalRotation.y
      value: -0.5
      objectReference: {fileID: 0}
    - target: {fileID: 8083067348391601981, guid: 3b62a79df1dd7e14fbec28258123f875,
        type: 3}
      propertyPath: m_LocalRotation.z
      value: 0.5
      objectReference: {fileID: 0}
    - target: {fileID: 8083067348391601981, guid: 3b62a79df1dd7e14fbec28258123f875,
        type: 3}
      propertyPath: m_LocalRotation.w
      value: 0.5
      objectReference: {fileID: 0}
    - target: {fileID: 8083067348391601981, guid: 3b62a79df1dd7e14fbec28258123f875,
        type: 3}
      propertyPath: m_RootOrder
      value: 10
      objectReference: {fileID: 0}
    - target: {fileID: 8083067348391601981, guid: 3b62a79df1dd7e14fbec28258123f875,
        type: 3}
      propertyPath: m_LocalEulerAnglesHint.x
      value: 90
      objectReference: {fileID: 0}
    - target: {fileID: 8083067348391601981, guid: 3b62a79df1dd7e14fbec28258123f875,
        type: 3}
      propertyPath: m_LocalEulerAnglesHint.y
      value: 0
      objectReference: {fileID: 0}
    - target: {fileID: 8083067348391601981, guid: 3b62a79df1dd7e14fbec28258123f875,
        type: 3}
      propertyPath: m_LocalEulerAnglesHint.z
      value: 90
      objectReference: {fileID: 0}
    m_RemovedComponents: []
  m_SourcePrefab: {fileID: 100100000, guid: 3b62a79df1dd7e14fbec28258123f875, type: 3}
--- !u!4 &2484973785667296092 stripped
Transform:
  m_CorrespondingSourceObject: {fileID: 8083067348391601981, guid: 3b62a79df1dd7e14fbec28258123f875,
    type: 3}
  m_PrefabInstance: {fileID: 5931439242343087201}
  m_PrefabAsset: {fileID: 0}
--- !u!1001 &6252732740851181238
PrefabInstance:
  m_ObjectHideFlags: 0
  serializedVersion: 2
  m_Modification:
    m_TransformParent: {fileID: 5587856585196304606}
    m_Modifications:
    - target: {fileID: 9099901654467607343, guid: 3b62a79df1dd7e14fbec28258123f875,
        type: 3}
      propertyPath: m_Name
      value: RoadLong (13)
      objectReference: {fileID: 0}
    - target: {fileID: 8083067348391601981, guid: 3b62a79df1dd7e14fbec28258123f875,
        type: 3}
      propertyPath: m_LocalPosition.x
      value: -8
      objectReference: {fileID: 0}
    - target: {fileID: 8083067348391601981, guid: 3b62a79df1dd7e14fbec28258123f875,
        type: 3}
      propertyPath: m_LocalPosition.y
      value: 0
      objectReference: {fileID: 0}
    - target: {fileID: 8083067348391601981, guid: 3b62a79df1dd7e14fbec28258123f875,
        type: 3}
      propertyPath: m_LocalPosition.z
      value: 1
      objectReference: {fileID: 0}
    - target: {fileID: 8083067348391601981, guid: 3b62a79df1dd7e14fbec28258123f875,
        type: 3}
      propertyPath: m_LocalRotation.x
      value: 0.5
      objectReference: {fileID: 0}
    - target: {fileID: 8083067348391601981, guid: 3b62a79df1dd7e14fbec28258123f875,
        type: 3}
      propertyPath: m_LocalRotation.y
      value: -0.5
      objectReference: {fileID: 0}
    - target: {fileID: 8083067348391601981, guid: 3b62a79df1dd7e14fbec28258123f875,
        type: 3}
      propertyPath: m_LocalRotation.z
      value: 0.5
      objectReference: {fileID: 0}
    - target: {fileID: 8083067348391601981, guid: 3b62a79df1dd7e14fbec28258123f875,
        type: 3}
      propertyPath: m_LocalRotation.w
      value: 0.5
      objectReference: {fileID: 0}
    - target: {fileID: 8083067348391601981, guid: 3b62a79df1dd7e14fbec28258123f875,
        type: 3}
      propertyPath: m_RootOrder
      value: 17
      objectReference: {fileID: 0}
    - target: {fileID: 8083067348391601981, guid: 3b62a79df1dd7e14fbec28258123f875,
        type: 3}
      propertyPath: m_LocalEulerAnglesHint.x
      value: 90
      objectReference: {fileID: 0}
    - target: {fileID: 8083067348391601981, guid: 3b62a79df1dd7e14fbec28258123f875,
        type: 3}
      propertyPath: m_LocalEulerAnglesHint.y
      value: 0
      objectReference: {fileID: 0}
    - target: {fileID: 8083067348391601981, guid: 3b62a79df1dd7e14fbec28258123f875,
        type: 3}
      propertyPath: m_LocalEulerAnglesHint.z
      value: 90
      objectReference: {fileID: 0}
    m_RemovedComponents: []
  m_SourcePrefab: {fileID: 100100000, guid: 3b62a79df1dd7e14fbec28258123f875, type: 3}
--- !u!4 &2804328191258460555 stripped
Transform:
  m_CorrespondingSourceObject: {fileID: 8083067348391601981, guid: 3b62a79df1dd7e14fbec28258123f875,
    type: 3}
  m_PrefabInstance: {fileID: 6252732740851181238}
  m_PrefabAsset: {fileID: 0}
--- !u!1001 &6304151595681889031
PrefabInstance:
  m_ObjectHideFlags: 0
  serializedVersion: 2
  m_Modification:
    m_TransformParent: {fileID: 5587856585196304606}
    m_Modifications:
    - target: {fileID: 6643423089499489438, guid: 2ed2c9dbd24fac9448825d5b2e929958,
        type: 3}
      propertyPath: m_Name
      value: Road2turn (3)
      objectReference: {fileID: 0}
    - target: {fileID: 162829663711489957, guid: 2ed2c9dbd24fac9448825d5b2e929958,
        type: 3}
      propertyPath: m_LocalPosition.x
      value: -8
      objectReference: {fileID: 0}
    - target: {fileID: 162829663711489957, guid: 2ed2c9dbd24fac9448825d5b2e929958,
        type: 3}
      propertyPath: m_LocalPosition.y
      value: 0
      objectReference: {fileID: 0}
    - target: {fileID: 162829663711489957, guid: 2ed2c9dbd24fac9448825d5b2e929958,
        type: 3}
      propertyPath: m_LocalPosition.z
      value: 6
      objectReference: {fileID: 0}
    - target: {fileID: 162829663711489957, guid: 2ed2c9dbd24fac9448825d5b2e929958,
        type: 3}
      propertyPath: m_LocalRotation.x
      value: -0.49999982
      objectReference: {fileID: 0}
    - target: {fileID: 162829663711489957, guid: 2ed2c9dbd24fac9448825d5b2e929958,
        type: 3}
      propertyPath: m_LocalRotation.y
      value: 0.5000003
      objectReference: {fileID: 0}
    - target: {fileID: 162829663711489957, guid: 2ed2c9dbd24fac9448825d5b2e929958,
        type: 3}
      propertyPath: m_LocalRotation.z
      value: -0.50000024
      objectReference: {fileID: 0}
    - target: {fileID: 162829663711489957, guid: 2ed2c9dbd24fac9448825d5b2e929958,
        type: 3}
      propertyPath: m_LocalRotation.w
      value: -0.49999976
      objectReference: {fileID: 0}
    - target: {fileID: 162829663711489957, guid: 2ed2c9dbd24fac9448825d5b2e929958,
        type: 3}
      propertyPath: m_RootOrder
      value: 4
      objectReference: {fileID: 0}
    - target: {fileID: 162829663711489957, guid: 2ed2c9dbd24fac9448825d5b2e929958,
        type: 3}
      propertyPath: m_LocalEulerAnglesHint.x
      value: 90
      objectReference: {fileID: 0}
    - target: {fileID: 162829663711489957, guid: 2ed2c9dbd24fac9448825d5b2e929958,
        type: 3}
      propertyPath: m_LocalEulerAnglesHint.y
      value: 180
      objectReference: {fileID: 0}
    - target: {fileID: 162829663711489957, guid: 2ed2c9dbd24fac9448825d5b2e929958,
        type: 3}
      propertyPath: m_LocalEulerAnglesHint.z
      value: -90
      objectReference: {fileID: 0}
    m_RemovedComponents: []
  m_SourcePrefab: {fileID: 100100000, guid: 2ed2c9dbd24fac9448825d5b2e929958, type: 3}
--- !u!4 &6142528150187267234 stripped
Transform:
  m_CorrespondingSourceObject: {fileID: 162829663711489957, guid: 2ed2c9dbd24fac9448825d5b2e929958,
    type: 3}
  m_PrefabInstance: {fileID: 6304151595681889031}
  m_PrefabAsset: {fileID: 0}
--- !u!1001 &6962252228437329905
PrefabInstance:
  m_ObjectHideFlags: 0
  serializedVersion: 2
  m_Modification:
    m_TransformParent: {fileID: 5587856585196304606}
    m_Modifications:
    - target: {fileID: 9099901654467607343, guid: 3b62a79df1dd7e14fbec28258123f875,
        type: 3}
      propertyPath: m_Name
      value: RoadLong (3)
      objectReference: {fileID: 0}
    - target: {fileID: 8083067348391601981, guid: 3b62a79df1dd7e14fbec28258123f875,
        type: 3}
      propertyPath: m_LocalPosition.x
      value: -4
      objectReference: {fileID: 0}
    - target: {fileID: 8083067348391601981, guid: 3b62a79df1dd7e14fbec28258123f875,
        type: 3}
      propertyPath: m_LocalPosition.y
      value: 0
      objectReference: {fileID: 0}
    - target: {fileID: 8083067348391601981, guid: 3b62a79df1dd7e14fbec28258123f875,
        type: 3}
      propertyPath: m_LocalPosition.z
      value: -1
      objectReference: {fileID: 0}
    - target: {fileID: 8083067348391601981, guid: 3b62a79df1dd7e14fbec28258123f875,
        type: 3}
      propertyPath: m_LocalRotation.x
      value: 0.7071068
      objectReference: {fileID: 0}
    - target: {fileID: 8083067348391601981, guid: 3b62a79df1dd7e14fbec28258123f875,
        type: 3}
      propertyPath: m_LocalRotation.y
      value: -0
      objectReference: {fileID: 0}
    - target: {fileID: 8083067348391601981, guid: 3b62a79df1dd7e14fbec28258123f875,
        type: 3}
      propertyPath: m_LocalRotation.z
      value: -0
      objectReference: {fileID: 0}
    - target: {fileID: 8083067348391601981, guid: 3b62a79df1dd7e14fbec28258123f875,
        type: 3}
      propertyPath: m_LocalRotation.w
      value: 0.7071068
      objectReference: {fileID: 0}
    - target: {fileID: 8083067348391601981, guid: 3b62a79df1dd7e14fbec28258123f875,
        type: 3}
      propertyPath: m_RootOrder
      value: 7
      objectReference: {fileID: 0}
    - target: {fileID: 8083067348391601981, guid: 3b62a79df1dd7e14fbec28258123f875,
        type: 3}
      propertyPath: m_LocalEulerAnglesHint.x
      value: 90
      objectReference: {fileID: 0}
    - target: {fileID: 8083067348391601981, guid: 3b62a79df1dd7e14fbec28258123f875,
        type: 3}
      propertyPath: m_LocalEulerAnglesHint.y
      value: 0
      objectReference: {fileID: 0}
    - target: {fileID: 8083067348391601981, guid: 3b62a79df1dd7e14fbec28258123f875,
        type: 3}
      propertyPath: m_LocalEulerAnglesHint.z
      value: 0
      objectReference: {fileID: 0}
    m_RemovedComponents: []
  m_SourcePrefab: {fileID: 100100000, guid: 3b62a79df1dd7e14fbec28258123f875, type: 3}
--- !u!4 &1203078402414567628 stripped
Transform:
  m_CorrespondingSourceObject: {fileID: 8083067348391601981, guid: 3b62a79df1dd7e14fbec28258123f875,
    type: 3}
  m_PrefabInstance: {fileID: 6962252228437329905}
  m_PrefabAsset: {fileID: 0}
--- !u!1001 &8097619207041130359
PrefabInstance:
  m_ObjectHideFlags: 0
  serializedVersion: 2
  m_Modification:
    m_TransformParent: {fileID: 5587856585196304606}
    m_Modifications:
    - target: {fileID: 9099901654467607343, guid: 3b62a79df1dd7e14fbec28258123f875,
        type: 3}
      propertyPath: m_Name
      value: RoadLong (2)
      objectReference: {fileID: 0}
    - target: {fileID: 8083067348391601981, guid: 3b62a79df1dd7e14fbec28258123f875,
        type: 3}
      propertyPath: m_LocalPosition.x
      value: -5
      objectReference: {fileID: 0}
    - target: {fileID: 8083067348391601981, guid: 3b62a79df1dd7e14fbec28258123f875,
        type: 3}
      propertyPath: m_LocalPosition.y
      value: 0
      objectReference: {fileID: 0}
    - target: {fileID: 8083067348391601981, guid: 3b62a79df1dd7e14fbec28258123f875,
        type: 3}
      propertyPath: m_LocalPosition.z
      value: -1
      objectReference: {fileID: 0}
    - target: {fileID: 8083067348391601981, guid: 3b62a79df1dd7e14fbec28258123f875,
        type: 3}
      propertyPath: m_LocalRotation.x
      value: 0.7071068
      objectReference: {fileID: 0}
    - target: {fileID: 8083067348391601981, guid: 3b62a79df1dd7e14fbec28258123f875,
        type: 3}
      propertyPath: m_LocalRotation.y
      value: -0
      objectReference: {fileID: 0}
    - target: {fileID: 8083067348391601981, guid: 3b62a79df1dd7e14fbec28258123f875,
        type: 3}
      propertyPath: m_LocalRotation.z
      value: -0
      objectReference: {fileID: 0}
    - target: {fileID: 8083067348391601981, guid: 3b62a79df1dd7e14fbec28258123f875,
        type: 3}
      propertyPath: m_LocalRotation.w
      value: 0.7071068
      objectReference: {fileID: 0}
    - target: {fileID: 8083067348391601981, guid: 3b62a79df1dd7e14fbec28258123f875,
        type: 3}
      propertyPath: m_RootOrder
      value: 6
      objectReference: {fileID: 0}
    - target: {fileID: 8083067348391601981, guid: 3b62a79df1dd7e14fbec28258123f875,
        type: 3}
      propertyPath: m_LocalEulerAnglesHint.x
      value: 90
      objectReference: {fileID: 0}
    - target: {fileID: 8083067348391601981, guid: 3b62a79df1dd7e14fbec28258123f875,
        type: 3}
      propertyPath: m_LocalEulerAnglesHint.y
      value: 0
      objectReference: {fileID: 0}
    - target: {fileID: 8083067348391601981, guid: 3b62a79df1dd7e14fbec28258123f875,
        type: 3}
      propertyPath: m_LocalEulerAnglesHint.z
      value: 0
      objectReference: {fileID: 0}
    m_RemovedComponents: []
  m_SourcePrefab: {fileID: 100100000, guid: 3b62a79df1dd7e14fbec28258123f875, type: 3}
--- !u!4 &21487933552965706 stripped
Transform:
  m_CorrespondingSourceObject: {fileID: 8083067348391601981, guid: 3b62a79df1dd7e14fbec28258123f875,
    type: 3}
  m_PrefabInstance: {fileID: 8097619207041130359}
  m_PrefabAsset: {fileID: 0}
--- !u!1001 &8240410272337932809
PrefabInstance:
  m_ObjectHideFlags: 0
  serializedVersion: 2
  m_Modification:
    m_TransformParent: {fileID: 5587856585196304606}
    m_Modifications:
    - target: {fileID: 9099901654467607343, guid: 3b62a79df1dd7e14fbec28258123f875,
        type: 3}
      propertyPath: m_Name
      value: RoadLong (19)
      objectReference: {fileID: 0}
    - target: {fileID: 8083067348391601981, guid: 3b62a79df1dd7e14fbec28258123f875,
        type: 3}
      propertyPath: m_LocalPosition.x
      value: -6
      objectReference: {fileID: 0}
    - target: {fileID: 8083067348391601981, guid: 3b62a79df1dd7e14fbec28258123f875,
        type: 3}
      propertyPath: m_LocalPosition.y
      value: 0
      objectReference: {fileID: 0}
    - target: {fileID: 8083067348391601981, guid: 3b62a79df1dd7e14fbec28258123f875,
        type: 3}
      propertyPath: m_LocalPosition.z
      value: 6
      objectReference: {fileID: 0}
    - target: {fileID: 8083067348391601981, guid: 3b62a79df1dd7e14fbec28258123f875,
        type: 3}
      propertyPath: m_LocalRotation.x
      value: 0.7071068
      objectReference: {fileID: 0}
    - target: {fileID: 8083067348391601981, guid: 3b62a79df1dd7e14fbec28258123f875,
        type: 3}
      propertyPath: m_LocalRotation.y
      value: -0
      objectReference: {fileID: 0}
    - target: {fileID: 8083067348391601981, guid: 3b62a79df1dd7e14fbec28258123f875,
        type: 3}
      propertyPath: m_LocalRotation.z
      value: -0
      objectReference: {fileID: 0}
    - target: {fileID: 8083067348391601981, guid: 3b62a79df1dd7e14fbec28258123f875,
        type: 3}
      propertyPath: m_LocalRotation.w
      value: 0.7071068
      objectReference: {fileID: 0}
    - target: {fileID: 8083067348391601981, guid: 3b62a79df1dd7e14fbec28258123f875,
        type: 3}
      propertyPath: m_RootOrder
      value: 23
      objectReference: {fileID: 0}
    - target: {fileID: 8083067348391601981, guid: 3b62a79df1dd7e14fbec28258123f875,
        type: 3}
      propertyPath: m_LocalEulerAnglesHint.x
      value: 90
      objectReference: {fileID: 0}
    - target: {fileID: 8083067348391601981, guid: 3b62a79df1dd7e14fbec28258123f875,
        type: 3}
      propertyPath: m_LocalEulerAnglesHint.y
      value: 0
      objectReference: {fileID: 0}
    - target: {fileID: 8083067348391601981, guid: 3b62a79df1dd7e14fbec28258123f875,
        type: 3}
      propertyPath: m_LocalEulerAnglesHint.z
      value: 0
      objectReference: {fileID: 0}
    m_RemovedComponents: []
  m_SourcePrefab: {fileID: 100100000, guid: 3b62a79df1dd7e14fbec28258123f875, type: 3}
--- !u!4 &177614656345347380 stripped
Transform:
  m_CorrespondingSourceObject: {fileID: 8083067348391601981, guid: 3b62a79df1dd7e14fbec28258123f875,
    type: 3}
  m_PrefabInstance: {fileID: 8240410272337932809}
  m_PrefabAsset: {fileID: 0}
--- !u!1001 &8712992790117112021
PrefabInstance:
  m_ObjectHideFlags: 0
  serializedVersion: 2
  m_Modification:
    m_TransformParent: {fileID: 5587856585196304606}
    m_Modifications:
    - target: {fileID: 9099901654467607343, guid: 3b62a79df1dd7e14fbec28258123f875,
        type: 3}
      propertyPath: m_Name
      value: RoadLong (18)
      objectReference: {fileID: 0}
    - target: {fileID: 8083067348391601981, guid: 3b62a79df1dd7e14fbec28258123f875,
        type: 3}
      propertyPath: m_LocalPosition.x
      value: -7
      objectReference: {fileID: 0}
    - target: {fileID: 8083067348391601981, guid: 3b62a79df1dd7e14fbec28258123f875,
        type: 3}
      propertyPath: m_LocalPosition.y
      value: 0
      objectReference: {fileID: 0}
    - target: {fileID: 8083067348391601981, guid: 3b62a79df1dd7e14fbec28258123f875,
        type: 3}
      propertyPath: m_LocalPosition.z
      value: 6
      objectReference: {fileID: 0}
    - target: {fileID: 8083067348391601981, guid: 3b62a79df1dd7e14fbec28258123f875,
        type: 3}
      propertyPath: m_LocalRotation.x
      value: 0.7071068
      objectReference: {fileID: 0}
    - target: {fileID: 8083067348391601981, guid: 3b62a79df1dd7e14fbec28258123f875,
        type: 3}
      propertyPath: m_LocalRotation.y
      value: -0
      objectReference: {fileID: 0}
    - target: {fileID: 8083067348391601981, guid: 3b62a79df1dd7e14fbec28258123f875,
        type: 3}
      propertyPath: m_LocalRotation.z
      value: -0
      objectReference: {fileID: 0}
    - target: {fileID: 8083067348391601981, guid: 3b62a79df1dd7e14fbec28258123f875,
        type: 3}
      propertyPath: m_LocalRotation.w
      value: 0.7071068
      objectReference: {fileID: 0}
    - target: {fileID: 8083067348391601981, guid: 3b62a79df1dd7e14fbec28258123f875,
        type: 3}
      propertyPath: m_RootOrder
      value: 22
      objectReference: {fileID: 0}
    - target: {fileID: 8083067348391601981, guid: 3b62a79df1dd7e14fbec28258123f875,
        type: 3}
      propertyPath: m_LocalEulerAnglesHint.x
      value: 90
      objectReference: {fileID: 0}
    - target: {fileID: 8083067348391601981, guid: 3b62a79df1dd7e14fbec28258123f875,
        type: 3}
      propertyPath: m_LocalEulerAnglesHint.y
      value: 0
      objectReference: {fileID: 0}
    - target: {fileID: 8083067348391601981, guid: 3b62a79df1dd7e14fbec28258123f875,
        type: 3}
      propertyPath: m_LocalEulerAnglesHint.z
      value: 0
      objectReference: {fileID: 0}
    m_RemovedComponents: []
  m_SourcePrefab: {fileID: 100100000, guid: 3b62a79df1dd7e14fbec28258123f875, type: 3}
--- !u!4 &632217167689482216 stripped
Transform:
  m_CorrespondingSourceObject: {fileID: 8083067348391601981, guid: 3b62a79df1dd7e14fbec28258123f875,
    type: 3}
  m_PrefabInstance: {fileID: 8712992790117112021}
  m_PrefabAsset: {fileID: 0}
--- !u!1001 &9039041816232946145
PrefabInstance:
  m_ObjectHideFlags: 0
  serializedVersion: 2
  m_Modification:
    m_TransformParent: {fileID: 5587856585196304606}
    m_Modifications:
    - target: {fileID: 9099901654467607343, guid: 3b62a79df1dd7e14fbec28258123f875,
        type: 3}
      propertyPath: m_Name
      value: RoadLong (4)
      objectReference: {fileID: 0}
    - target: {fileID: 8083067348391601981, guid: 3b62a79df1dd7e14fbec28258123f875,
        type: 3}
      propertyPath: m_LocalPosition.x
      value: -3
      objectReference: {fileID: 0}
    - target: {fileID: 8083067348391601981, guid: 3b62a79df1dd7e14fbec28258123f875,
        type: 3}
      propertyPath: m_LocalPosition.y
      value: 0
      objectReference: {fileID: 0}
    - target: {fileID: 8083067348391601981, guid: 3b62a79df1dd7e14fbec28258123f875,
        type: 3}
      propertyPath: m_LocalPosition.z
      value: -1
      objectReference: {fileID: 0}
    - target: {fileID: 8083067348391601981, guid: 3b62a79df1dd7e14fbec28258123f875,
        type: 3}
      propertyPath: m_LocalRotation.x
      value: 0.7071068
      objectReference: {fileID: 0}
    - target: {fileID: 8083067348391601981, guid: 3b62a79df1dd7e14fbec28258123f875,
        type: 3}
      propertyPath: m_LocalRotation.y
      value: -0
      objectReference: {fileID: 0}
    - target: {fileID: 8083067348391601981, guid: 3b62a79df1dd7e14fbec28258123f875,
        type: 3}
      propertyPath: m_LocalRotation.z
      value: -0
      objectReference: {fileID: 0}
    - target: {fileID: 8083067348391601981, guid: 3b62a79df1dd7e14fbec28258123f875,
        type: 3}
      propertyPath: m_LocalRotation.w
      value: 0.7071068
      objectReference: {fileID: 0}
    - target: {fileID: 8083067348391601981, guid: 3b62a79df1dd7e14fbec28258123f875,
        type: 3}
      propertyPath: m_RootOrder
      value: 8
      objectReference: {fileID: 0}
    - target: {fileID: 8083067348391601981, guid: 3b62a79df1dd7e14fbec28258123f875,
        type: 3}
      propertyPath: m_LocalEulerAnglesHint.x
      value: 90
      objectReference: {fileID: 0}
    - target: {fileID: 8083067348391601981, guid: 3b62a79df1dd7e14fbec28258123f875,
        type: 3}
      propertyPath: m_LocalEulerAnglesHint.y
      value: 0
      objectReference: {fileID: 0}
    - target: {fileID: 8083067348391601981, guid: 3b62a79df1dd7e14fbec28258123f875,
        type: 3}
      propertyPath: m_LocalEulerAnglesHint.z
      value: 0
      objectReference: {fileID: 0}
    m_RemovedComponents: []
  m_SourcePrefab: {fileID: 100100000, guid: 3b62a79df1dd7e14fbec28258123f875, type: 3}
--- !u!4 &963192292721020636 stripped
Transform:
  m_CorrespondingSourceObject: {fileID: 8083067348391601981, guid: 3b62a79df1dd7e14fbec28258123f875,
    type: 3}
  m_PrefabInstance: {fileID: 9039041816232946145}
  m_PrefabAsset: {fileID: 0}
--- !u!1001 &9104873093722034645
PrefabInstance:
  m_ObjectHideFlags: 0
  serializedVersion: 2
  m_Modification:
    m_TransformParent: {fileID: 5587856585196304606}
    m_Modifications:
    - target: {fileID: 9099901654467607343, guid: 3b62a79df1dd7e14fbec28258123f875,
        type: 3}
      propertyPath: m_Name
      value: RoadLong (21)
      objectReference: {fileID: 0}
    - target: {fileID: 8083067348391601981, guid: 3b62a79df1dd7e14fbec28258123f875,
        type: 3}
      propertyPath: m_LocalPosition.x
      value: -4
      objectReference: {fileID: 0}
    - target: {fileID: 8083067348391601981, guid: 3b62a79df1dd7e14fbec28258123f875,
        type: 3}
      propertyPath: m_LocalPosition.y
      value: 0
      objectReference: {fileID: 0}
    - target: {fileID: 8083067348391601981, guid: 3b62a79df1dd7e14fbec28258123f875,
        type: 3}
      propertyPath: m_LocalPosition.z
      value: 6
      objectReference: {fileID: 0}
    - target: {fileID: 8083067348391601981, guid: 3b62a79df1dd7e14fbec28258123f875,
        type: 3}
      propertyPath: m_LocalRotation.x
      value: 0.7071068
      objectReference: {fileID: 0}
    - target: {fileID: 8083067348391601981, guid: 3b62a79df1dd7e14fbec28258123f875,
        type: 3}
      propertyPath: m_LocalRotation.y
      value: -0
      objectReference: {fileID: 0}
    - target: {fileID: 8083067348391601981, guid: 3b62a79df1dd7e14fbec28258123f875,
        type: 3}
      propertyPath: m_LocalRotation.z
      value: -0
      objectReference: {fileID: 0}
    - target: {fileID: 8083067348391601981, guid: 3b62a79df1dd7e14fbec28258123f875,
        type: 3}
      propertyPath: m_LocalRotation.w
      value: 0.7071068
      objectReference: {fileID: 0}
    - target: {fileID: 8083067348391601981, guid: 3b62a79df1dd7e14fbec28258123f875,
        type: 3}
      propertyPath: m_RootOrder
      value: 25
      objectReference: {fileID: 0}
    - target: {fileID: 8083067348391601981, guid: 3b62a79df1dd7e14fbec28258123f875,
        type: 3}
      propertyPath: m_LocalEulerAnglesHint.x
      value: 90
      objectReference: {fileID: 0}
    - target: {fileID: 8083067348391601981, guid: 3b62a79df1dd7e14fbec28258123f875,
        type: 3}
      propertyPath: m_LocalEulerAnglesHint.y
      value: 0
      objectReference: {fileID: 0}
    - target: {fileID: 8083067348391601981, guid: 3b62a79df1dd7e14fbec28258123f875,
        type: 3}
      propertyPath: m_LocalEulerAnglesHint.z
      value: 0
      objectReference: {fileID: 0}
    m_RemovedComponents: []
  m_SourcePrefab: {fileID: 100100000, guid: 3b62a79df1dd7e14fbec28258123f875, type: 3}
--- !u!4 &1042534091802605288 stripped
Transform:
  m_CorrespondingSourceObject: {fileID: 8083067348391601981, guid: 3b62a79df1dd7e14fbec28258123f875,
    type: 3}
  m_PrefabInstance: {fileID: 9104873093722034645}
  m_PrefabAsset: {fileID: 0}
