%YAML 1.1
%TAG !u! tag:unity3d.com,2011:
--- !u!1 &5775357640225295721
GameObject:
  m_ObjectHideFlags: 0
  m_CorrespondingSourceObject: {fileID: 0}
  m_PrefabInstance: {fileID: 0}
  m_PrefabAsset: {fileID: 0}
  serializedVersion: 6
  m_Component:
  - component: {fileID: 7915320845544617954}
  m_Layer: 0
  m_Name: level1
  m_TagString: Untagged
  m_Icon: {fileID: 0}
  m_NavMeshLayer: 0
  m_StaticEditorFlags: 0
  m_IsActive: 1
--- !u!4 &7915320845544617954
Transform:
  m_ObjectHideFlags: 0
  m_CorrespondingSourceObject: {fileID: 0}
  m_PrefabInstance: {fileID: 0}
  m_PrefabAsset: {fileID: 0}
  m_GameObject: {fileID: 5775357640225295721}
  m_LocalRotation: {x: 0, y: 0, z: 0, w: 1}
  m_LocalPosition: {x: 4.5, y: 0, z: -2.04}
  m_LocalScale: {x: 1, y: 1, z: 1}
  m_Children:
  - {fileID: 1721332177687101299}
  - {fileID: 8004847971914817130}
  - {fileID: 2115650056577558517}
  m_Father: {fileID: 0}
  m_RootOrder: 0
  m_LocalEulerAnglesHint: {x: 0, y: 0, z: 0}
--- !u!1 &6793406729599198275
GameObject:
  m_ObjectHideFlags: 0
  m_CorrespondingSourceObject: {fileID: 0}
  m_PrefabInstance: {fileID: 0}
  m_PrefabAsset: {fileID: 0}
  serializedVersion: 6
  m_Component:
  - component: {fileID: 2115650056577558517}
  m_Layer: 0
  m_Name: persons
  m_TagString: Untagged
  m_Icon: {fileID: 0}
  m_NavMeshLayer: 0
  m_StaticEditorFlags: 0
  m_IsActive: 1
--- !u!4 &2115650056577558517
Transform:
  m_ObjectHideFlags: 0
  m_CorrespondingSourceObject: {fileID: 0}
  m_PrefabInstance: {fileID: 0}
  m_PrefabAsset: {fileID: 0}
  m_GameObject: {fileID: 6793406729599198275}
  m_LocalRotation: {x: 0, y: 0, z: 0, w: 1}
  m_LocalPosition: {x: 0, y: 0, z: 0}
  m_LocalScale: {x: 1, y: 1, z: 1}
  m_Children:
  - {fileID: 4706424363784637397}
  - {fileID: 3472771964670427769}
  - {fileID: 3076596404436746679}
  - {fileID: 3663232832652131290}
  - {fileID: 4804137195743031257}
  - {fileID: 3234668450540694299}
  - {fileID: 5115780972601645042}
  - {fileID: 8794488475728923}
  - {fileID: 5125181754036174854}
  - {fileID: 7178711862947694925}
  - {fileID: 7281517730858841278}
  - {fileID: 6625079805220078951}
  m_Father: {fileID: 7915320845544617954}
  m_RootOrder: 2
  m_LocalEulerAnglesHint: {x: 0, y: 0, z: 0}
--- !u!1 &8004847971914817124
GameObject:
  m_ObjectHideFlags: 0
  m_CorrespondingSourceObject: {fileID: 0}
  m_PrefabInstance: {fileID: 0}
  m_PrefabAsset: {fileID: 0}
  serializedVersion: 6
  m_Component:
  - component: {fileID: 8004847971914817130}
  - component: {fileID: 8004847971914817125}
  m_Layer: 0
  m_Name: levelGenerator
  m_TagString: Untagged
  m_Icon: {fileID: 0}
  m_NavMeshLayer: 0
  m_StaticEditorFlags: 0
  m_IsActive: 1
--- !u!4 &8004847971914817130
Transform:
  m_ObjectHideFlags: 0
  m_CorrespondingSourceObject: {fileID: 0}
  m_PrefabInstance: {fileID: 0}
  m_PrefabAsset: {fileID: 0}
  m_GameObject: {fileID: 8004847971914817124}
  m_LocalRotation: {x: -0, y: -0, z: -0, w: 1}
  m_LocalPosition: {x: -4, y: 0, z: 2}
  m_LocalScale: {x: 1, y: 1, z: 1}
  m_Children:
  - {fileID: 8004847973168014678}
  - {fileID: 4923480090885423176}
  - {fileID: 4923480090688502214}
  - {fileID: 4923480090679664405}
  m_Father: {fileID: 7915320845544617954}
  m_RootOrder: 1
  m_LocalEulerAnglesHint: {x: 0, y: 0, z: 0}
--- !u!114 &8004847971914817125
MonoBehaviour:
  m_ObjectHideFlags: 0
  m_CorrespondingSourceObject: {fileID: 0}
  m_PrefabInstance: {fileID: 0}
  m_PrefabAsset: {fileID: 0}
  m_GameObject: {fileID: 8004847971914817124}
  m_Enabled: 1
  m_EditorHideFlags: 0
  m_Script: {fileID: 11500000, guid: 3893d6a732b35ac43ba39697f005265c, type: 3}
  m_Name: 
  m_EditorClassIdentifier: 
  corners:
  - {fileID: 8004847973168014678}
  - {fileID: 4923480090885423176}
  - {fileID: 4923480090688502214}
  - {fileID: 4923480090679664405}
  buildMesh: {fileID: 1801831498930491735, guid: 98a455753ded3b34ba31f618eb05b0ff,
    type: 3}
  distances:
  - 0
  - 0
  - 0
  - 0
  cornerTags:
  - {fileID: 4657609895203277909}
  - {fileID: 7775040734594328907}
  - {fileID: 7775040734674211013}
  - {fileID: 7775040734933792278}
  roadCorner:
  - {fileID: 5236738372003116810}
  - {fileID: 7199558238451749396}
  - {fileID: 7199558238566247322}
  - {fileID: 7199558238656990537}
  buildingPositioner:
  - {fileID: 8333833658752308079}
  - {fileID: 6404928261748455025}
  - {fileID: 6404928261368664063}
  - {fileID: 6404928261408958764}
--- !u!1001 &730003491571461277
PrefabInstance:
  m_ObjectHideFlags: 0
  serializedVersion: 2
  m_Modification:
    m_TransformParent: {fileID: 7915320845544617954}
    m_Modifications:
    - target: {fileID: 8993273019645944216, guid: 998d5b6499254444e82a1cece61734ce,
        type: 3}
      propertyPath: m_Name
      value: fullSceneLow
      objectReference: {fileID: 0}
    - target: {fileID: 2144302967297430510, guid: 998d5b6499254444e82a1cece61734ce,
        type: 3}
      propertyPath: m_LocalPosition.x
      value: 0
      objectReference: {fileID: 0}
    - target: {fileID: 2144302967297430510, guid: 998d5b6499254444e82a1cece61734ce,
        type: 3}
      propertyPath: m_LocalPosition.y
      value: 0
      objectReference: {fileID: 0}
    - target: {fileID: 2144302967297430510, guid: 998d5b6499254444e82a1cece61734ce,
        type: 3}
      propertyPath: m_LocalPosition.z
      value: 0
      objectReference: {fileID: 0}
    - target: {fileID: 2144302967297430510, guid: 998d5b6499254444e82a1cece61734ce,
        type: 3}
      propertyPath: m_LocalRotation.x
      value: 0
      objectReference: {fileID: 0}
    - target: {fileID: 2144302967297430510, guid: 998d5b6499254444e82a1cece61734ce,
        type: 3}
      propertyPath: m_LocalRotation.y
      value: 0
      objectReference: {fileID: 0}
    - target: {fileID: 2144302967297430510, guid: 998d5b6499254444e82a1cece61734ce,
        type: 3}
      propertyPath: m_LocalRotation.z
      value: 0
      objectReference: {fileID: 0}
    - target: {fileID: 2144302967297430510, guid: 998d5b6499254444e82a1cece61734ce,
        type: 3}
      propertyPath: m_LocalRotation.w
      value: 1
      objectReference: {fileID: 0}
    - target: {fileID: 2144302967297430510, guid: 998d5b6499254444e82a1cece61734ce,
        type: 3}
      propertyPath: m_RootOrder
      value: 0
      objectReference: {fileID: 0}
    - target: {fileID: 2144302967297430510, guid: 998d5b6499254444e82a1cece61734ce,
        type: 3}
      propertyPath: m_LocalEulerAnglesHint.x
      value: 0
      objectReference: {fileID: 0}
    - target: {fileID: 2144302967297430510, guid: 998d5b6499254444e82a1cece61734ce,
        type: 3}
      propertyPath: m_LocalEulerAnglesHint.y
      value: 0
      objectReference: {fileID: 0}
    - target: {fileID: 2144302967297430510, guid: 998d5b6499254444e82a1cece61734ce,
        type: 3}
      propertyPath: m_LocalEulerAnglesHint.z
      value: 0
      objectReference: {fileID: 0}
    m_RemovedComponents: []
  m_SourcePrefab: {fileID: 100100000, guid: 998d5b6499254444e82a1cece61734ce, type: 3}
--- !u!4 &1721332177687101299 stripped
Transform:
  m_CorrespondingSourceObject: {fileID: 2144302967297430510, guid: 998d5b6499254444e82a1cece61734ce,
    type: 3}
  m_PrefabInstance: {fileID: 730003491571461277}
  m_PrefabAsset: {fileID: 0}
--- !u!1001 &2010165104062193340
PrefabInstance:
  m_ObjectHideFlags: 0
  serializedVersion: 2
  m_Modification:
    m_TransformParent: {fileID: 2115650056577558517}
    m_Modifications:
    - target: {fileID: 2016121735796023968, guid: b0952a1184bebd54aba9f11dd83851ae,
        type: 3}
      propertyPath: m_Name
      value: person (5)
      objectReference: {fileID: 0}
    - target: {fileID: 2016121735796023975, guid: b0952a1184bebd54aba9f11dd83851ae,
        type: 3}
      propertyPath: m_LocalPosition.x
      value: 0.06528282
      objectReference: {fileID: 0}
    - target: {fileID: 2016121735796023975, guid: b0952a1184bebd54aba9f11dd83851ae,
        type: 3}
      propertyPath: m_LocalPosition.y
      value: 0
      objectReference: {fileID: 0}
    - target: {fileID: 2016121735796023975, guid: b0952a1184bebd54aba9f11dd83851ae,
        type: 3}
      propertyPath: m_LocalPosition.z
      value: 6.454717
      objectReference: {fileID: 0}
    - target: {fileID: 2016121735796023975, guid: b0952a1184bebd54aba9f11dd83851ae,
        type: 3}
      propertyPath: m_LocalRotation.x
      value: -0
      objectReference: {fileID: 0}
    - target: {fileID: 2016121735796023975, guid: b0952a1184bebd54aba9f11dd83851ae,
        type: 3}
      propertyPath: m_LocalRotation.y
      value: 1
      objectReference: {fileID: 0}
    - target: {fileID: 2016121735796023975, guid: b0952a1184bebd54aba9f11dd83851ae,
        type: 3}
      propertyPath: m_LocalRotation.z
      value: -0
      objectReference: {fileID: 0}
    - target: {fileID: 2016121735796023975, guid: b0952a1184bebd54aba9f11dd83851ae,
        type: 3}
      propertyPath: m_LocalRotation.w
      value: -0.00000014901161
      objectReference: {fileID: 0}
    - target: {fileID: 2016121735796023975, guid: b0952a1184bebd54aba9f11dd83851ae,
        type: 3}
      propertyPath: m_RootOrder
      value: 7
      objectReference: {fileID: 0}
    - target: {fileID: 2016121735796023975, guid: b0952a1184bebd54aba9f11dd83851ae,
        type: 3}
      propertyPath: m_LocalEulerAnglesHint.x
      value: 0
      objectReference: {fileID: 0}
    - target: {fileID: 2016121735796023975, guid: b0952a1184bebd54aba9f11dd83851ae,
        type: 3}
      propertyPath: m_LocalEulerAnglesHint.y
      value: 179.99998
      objectReference: {fileID: 0}
    - target: {fileID: 2016121735796023975, guid: b0952a1184bebd54aba9f11dd83851ae,
        type: 3}
      propertyPath: m_LocalEulerAnglesHint.z
      value: 0
      objectReference: {fileID: 0}
    m_RemovedComponents: []
  m_SourcePrefab: {fileID: 100100000, guid: b0952a1184bebd54aba9f11dd83851ae, type: 3}
--- !u!4 &8794488475728923 stripped
Transform:
  m_CorrespondingSourceObject: {fileID: 2016121735796023975, guid: b0952a1184bebd54aba9f11dd83851ae,
    type: 3}
  m_PrefabInstance: {fileID: 2010165104062193340}
  m_PrefabAsset: {fileID: 0}
--- !u!1001 &2966991253051791741
PrefabInstance:
  m_ObjectHideFlags: 0
  serializedVersion: 2
  m_Modification:
    m_TransformParent: {fileID: 2115650056577558517}
    m_Modifications:
    - target: {fileID: 2016121735796023968, guid: b0952a1184bebd54aba9f11dd83851ae,
        type: 3}
      propertyPath: m_Name
      value: person (2)
      objectReference: {fileID: 0}
    - target: {fileID: 2016121735796023975, guid: b0952a1184bebd54aba9f11dd83851ae,
        type: 3}
      propertyPath: m_LocalPosition.x
      value: -8.48
      objectReference: {fileID: 0}
    - target: {fileID: 2016121735796023975, guid: b0952a1184bebd54aba9f11dd83851ae,
        type: 3}
      propertyPath: m_LocalPosition.y
      value: 0
      objectReference: {fileID: 0}
    - target: {fileID: 2016121735796023975, guid: b0952a1184bebd54aba9f11dd83851ae,
        type: 3}
      propertyPath: m_LocalPosition.z
      value: -1.6805661
      objectReference: {fileID: 0}
    - target: {fileID: 2016121735796023975, guid: b0952a1184bebd54aba9f11dd83851ae,
        type: 3}
      propertyPath: m_LocalRotation.x
      value: -0
      objectReference: {fileID: 0}
    - target: {fileID: 2016121735796023975, guid: b0952a1184bebd54aba9f11dd83851ae,
        type: 3}
      propertyPath: m_LocalRotation.y
      value: 0.70710635
      objectReference: {fileID: 0}
    - target: {fileID: 2016121735796023975, guid: b0952a1184bebd54aba9f11dd83851ae,
        type: 3}
      propertyPath: m_LocalRotation.z
      value: -0
      objectReference: {fileID: 0}
    - target: {fileID: 2016121735796023975, guid: b0952a1184bebd54aba9f11dd83851ae,
        type: 3}
      propertyPath: m_LocalRotation.w
      value: -0.70710725
      objectReference: {fileID: 0}
    - target: {fileID: 2016121735796023975, guid: b0952a1184bebd54aba9f11dd83851ae,
        type: 3}
      propertyPath: m_RootOrder
      value: 3
      objectReference: {fileID: 0}
    - target: {fileID: 2016121735796023975, guid: b0952a1184bebd54aba9f11dd83851ae,
        type: 3}
      propertyPath: m_LocalEulerAnglesHint.x
      value: 0
      objectReference: {fileID: 0}
    - target: {fileID: 2016121735796023975, guid: b0952a1184bebd54aba9f11dd83851ae,
        type: 3}
      propertyPath: m_LocalEulerAnglesHint.y
      value: 270
      objectReference: {fileID: 0}
    - target: {fileID: 2016121735796023975, guid: b0952a1184bebd54aba9f11dd83851ae,
        type: 3}
      propertyPath: m_LocalEulerAnglesHint.z
      value: 0
      objectReference: {fileID: 0}
    m_RemovedComponents: []
  m_SourcePrefab: {fileID: 100100000, guid: b0952a1184bebd54aba9f11dd83851ae, type: 3}
--- !u!4 &3663232832652131290 stripped
Transform:
  m_CorrespondingSourceObject: {fileID: 2016121735796023975, guid: b0952a1184bebd54aba9f11dd83851ae,
    type: 3}
  m_PrefabInstance: {fileID: 2966991253051791741}
  m_PrefabAsset: {fileID: 0}
--- !u!1001 &3155747607369556190
PrefabInstance:
  m_ObjectHideFlags: 0
  serializedVersion: 2
  m_Modification:
    m_TransformParent: {fileID: 2115650056577558517}
    m_Modifications:
    - target: {fileID: 2016121735796023968, guid: b0952a1184bebd54aba9f11dd83851ae,
        type: 3}
      propertyPath: m_Name
      value: person (1)
      objectReference: {fileID: 0}
    - target: {fileID: 2016121735796023975, guid: b0952a1184bebd54aba9f11dd83851ae,
        type: 3}
      propertyPath: m_LocalPosition.x
      value: -8.03
      objectReference: {fileID: 0}
    - target: {fileID: 2016121735796023975, guid: b0952a1184bebd54aba9f11dd83851ae,
        type: 3}
      propertyPath: m_LocalPosition.y
      value: 0
      objectReference: {fileID: 0}
    - target: {fileID: 2016121735796023975, guid: b0952a1184bebd54aba9f11dd83851ae,
        type: 3}
      propertyPath: m_LocalPosition.z
      value: 6.55
      objectReference: {fileID: 0}
    - target: {fileID: 2016121735796023975, guid: b0952a1184bebd54aba9f11dd83851ae,
        type: 3}
      propertyPath: m_LocalRotation.x
      value: -0
      objectReference: {fileID: 0}
    - target: {fileID: 2016121735796023975, guid: b0952a1184bebd54aba9f11dd83851ae,
        type: 3}
      propertyPath: m_LocalRotation.y
      value: 0.70710707
      objectReference: {fileID: 0}
    - target: {fileID: 2016121735796023975, guid: b0952a1184bebd54aba9f11dd83851ae,
        type: 3}
      propertyPath: m_LocalRotation.z
      value: -0
      objectReference: {fileID: 0}
    - target: {fileID: 2016121735796023975, guid: b0952a1184bebd54aba9f11dd83851ae,
        type: 3}
      propertyPath: m_LocalRotation.w
      value: 0.7071066
      objectReference: {fileID: 0}
    - target: {fileID: 2016121735796023975, guid: b0952a1184bebd54aba9f11dd83851ae,
        type: 3}
      propertyPath: m_RootOrder
      value: 1
      objectReference: {fileID: 0}
    - target: {fileID: 2016121735796023975, guid: b0952a1184bebd54aba9f11dd83851ae,
        type: 3}
      propertyPath: m_LocalEulerAnglesHint.x
      value: 0
      objectReference: {fileID: 0}
    - target: {fileID: 2016121735796023975, guid: b0952a1184bebd54aba9f11dd83851ae,
        type: 3}
      propertyPath: m_LocalEulerAnglesHint.y
      value: 90.00001
      objectReference: {fileID: 0}
    - target: {fileID: 2016121735796023975, guid: b0952a1184bebd54aba9f11dd83851ae,
        type: 3}
      propertyPath: m_LocalEulerAnglesHint.z
      value: 0
      objectReference: {fileID: 0}
    m_RemovedComponents: []
  m_SourcePrefab: {fileID: 100100000, guid: b0952a1184bebd54aba9f11dd83851ae, type: 3}
--- !u!4 &3472771964670427769 stripped
Transform:
  m_CorrespondingSourceObject: {fileID: 2016121735796023975, guid: b0952a1184bebd54aba9f11dd83851ae,
    type: 3}
  m_PrefabInstance: {fileID: 3155747607369556190}
  m_PrefabAsset: {fileID: 0}
--- !u!1001 &3551352362744587024
PrefabInstance:
  m_ObjectHideFlags: 0
  serializedVersion: 2
  m_Modification:
    m_TransformParent: {fileID: 2115650056577558517}
    m_Modifications:
    - target: {fileID: 2016121735796023968, guid: b0952a1184bebd54aba9f11dd83851ae,
        type: 3}
      propertyPath: m_Name
      value: person (8)
      objectReference: {fileID: 0}
    - target: {fileID: 2016121735796023975, guid: b0952a1184bebd54aba9f11dd83851ae,
        type: 3}
      propertyPath: m_LocalPosition.x
      value: -7.53
      objectReference: {fileID: 0}
    - target: {fileID: 2016121735796023975, guid: b0952a1184bebd54aba9f11dd83851ae,
        type: 3}
      propertyPath: m_LocalPosition.y
      value: 0
      objectReference: {fileID: 0}
    - target: {fileID: 2016121735796023975, guid: b0952a1184bebd54aba9f11dd83851ae,
        type: 3}
      propertyPath: m_LocalPosition.z
      value: 4.87
      objectReference: {fileID: 0}
    - target: {fileID: 2016121735796023975, guid: b0952a1184bebd54aba9f11dd83851ae,
        type: 3}
      propertyPath: m_LocalRotation.x
      value: -0
      objectReference: {fileID: 0}
    - target: {fileID: 2016121735796023975, guid: b0952a1184bebd54aba9f11dd83851ae,
        type: 3}
      propertyPath: m_LocalRotation.y
      value: 0.70710707
      objectReference: {fileID: 0}
    - target: {fileID: 2016121735796023975, guid: b0952a1184bebd54aba9f11dd83851ae,
        type: 3}
      propertyPath: m_LocalRotation.z
      value: -0
      objectReference: {fileID: 0}
    - target: {fileID: 2016121735796023975, guid: b0952a1184bebd54aba9f11dd83851ae,
        type: 3}
      propertyPath: m_LocalRotation.w
      value: 0.7071066
      objectReference: {fileID: 0}
    - target: {fileID: 2016121735796023975, guid: b0952a1184bebd54aba9f11dd83851ae,
        type: 3}
      propertyPath: m_RootOrder
      value: 2
      objectReference: {fileID: 0}
    - target: {fileID: 2016121735796023975, guid: b0952a1184bebd54aba9f11dd83851ae,
        type: 3}
      propertyPath: m_LocalEulerAnglesHint.x
      value: 0
      objectReference: {fileID: 0}
    - target: {fileID: 2016121735796023975, guid: b0952a1184bebd54aba9f11dd83851ae,
        type: 3}
      propertyPath: m_LocalEulerAnglesHint.y
      value: 90.00001
      objectReference: {fileID: 0}
    - target: {fileID: 2016121735796023975, guid: b0952a1184bebd54aba9f11dd83851ae,
        type: 3}
      propertyPath: m_LocalEulerAnglesHint.z
      value: 0
      objectReference: {fileID: 0}
    m_RemovedComponents: []
  m_SourcePrefab: {fileID: 100100000, guid: b0952a1184bebd54aba9f11dd83851ae, type: 3}
--- !u!4 &3076596404436746679 stripped
Transform:
  m_CorrespondingSourceObject: {fileID: 2016121735796023975, guid: b0952a1184bebd54aba9f11dd83851ae,
    type: 3}
  m_PrefabInstance: {fileID: 3551352362744587024}
  m_PrefabAsset: {fileID: 0}
--- !u!1001 &3970325321901984188
PrefabInstance:
  m_ObjectHideFlags: 0
  serializedVersion: 2
  m_Modification:
    m_TransformParent: {fileID: 2115650056577558517}
    m_Modifications:
    - target: {fileID: 2016121735796023968, guid: b0952a1184bebd54aba9f11dd83851ae,
        type: 3}
      propertyPath: m_Name
      value: person (9)
      objectReference: {fileID: 0}
    - target: {fileID: 2016121735796023975, guid: b0952a1184bebd54aba9f11dd83851ae,
        type: 3}
      propertyPath: m_LocalPosition.x
      value: -6.72
      objectReference: {fileID: 0}
    - target: {fileID: 2016121735796023975, guid: b0952a1184bebd54aba9f11dd83851ae,
        type: 3}
      propertyPath: m_LocalPosition.y
      value: 0
      objectReference: {fileID: 0}
    - target: {fileID: 2016121735796023975, guid: b0952a1184bebd54aba9f11dd83851ae,
        type: 3}
      propertyPath: m_LocalPosition.z
      value: -1.51
      objectReference: {fileID: 0}
    - target: {fileID: 2016121735796023975, guid: b0952a1184bebd54aba9f11dd83851ae,
        type: 3}
      propertyPath: m_LocalRotation.x
      value: -0
      objectReference: {fileID: 0}
    - target: {fileID: 2016121735796023975, guid: b0952a1184bebd54aba9f11dd83851ae,
        type: 3}
      propertyPath: m_LocalRotation.y
      value: -0.00000047683716
      objectReference: {fileID: 0}
    - target: {fileID: 2016121735796023975, guid: b0952a1184bebd54aba9f11dd83851ae,
        type: 3}
      propertyPath: m_LocalRotation.z
      value: -0
      objectReference: {fileID: 0}
    - target: {fileID: 2016121735796023975, guid: b0952a1184bebd54aba9f11dd83851ae,
        type: 3}
      propertyPath: m_LocalRotation.w
      value: -1
      objectReference: {fileID: 0}
    - target: {fileID: 2016121735796023975, guid: b0952a1184bebd54aba9f11dd83851ae,
        type: 3}
      propertyPath: m_RootOrder
      value: 5
      objectReference: {fileID: 0}
    - target: {fileID: 2016121735796023975, guid: b0952a1184bebd54aba9f11dd83851ae,
        type: 3}
      propertyPath: m_LocalEulerAnglesHint.x
      value: 0
      objectReference: {fileID: 0}
    - target: {fileID: 2016121735796023975, guid: b0952a1184bebd54aba9f11dd83851ae,
        type: 3}
      propertyPath: m_LocalEulerAnglesHint.y
      value: 360
      objectReference: {fileID: 0}
    - target: {fileID: 2016121735796023975, guid: b0952a1184bebd54aba9f11dd83851ae,
        type: 3}
      propertyPath: m_LocalEulerAnglesHint.z
      value: 0
      objectReference: {fileID: 0}
    m_RemovedComponents: []
  m_SourcePrefab: {fileID: 100100000, guid: b0952a1184bebd54aba9f11dd83851ae, type: 3}
--- !u!4 &3234668450540694299 stripped
Transform:
  m_CorrespondingSourceObject: {fileID: 2016121735796023975, guid: b0952a1184bebd54aba9f11dd83851ae,
    type: 3}
  m_PrefabInstance: {fileID: 3970325321901984188}
  m_PrefabAsset: {fileID: 0}
--- !u!1001 &4614983394220124096
PrefabInstance:
  m_ObjectHideFlags: 0
  serializedVersion: 2
  m_Modification:
    m_TransformParent: {fileID: 2115650056577558517}
    m_Modifications:
    - target: {fileID: 2016121735796023968, guid: b0952a1184bebd54aba9f11dd83851ae,
        type: 3}
      propertyPath: m_Name
      value: person (10)
      objectReference: {fileID: 0}
    - target: {fileID: 2016121735796023975, guid: b0952a1184bebd54aba9f11dd83851ae,
        type: 3}
      propertyPath: m_LocalPosition.x
      value: -2.12
      objectReference: {fileID: 0}
    - target: {fileID: 2016121735796023975, guid: b0952a1184bebd54aba9f11dd83851ae,
        type: 3}
      propertyPath: m_LocalPosition.y
      value: 0
      objectReference: {fileID: 0}
    - target: {fileID: 2016121735796023975, guid: b0952a1184bebd54aba9f11dd83851ae,
        type: 3}
      propertyPath: m_LocalPosition.z
      value: -0.6500001
      objectReference: {fileID: 0}
    - target: {fileID: 2016121735796023975, guid: b0952a1184bebd54aba9f11dd83851ae,
        type: 3}
      propertyPath: m_LocalRotation.x
      value: -0
      objectReference: {fileID: 0}
    - target: {fileID: 2016121735796023975, guid: b0952a1184bebd54aba9f11dd83851ae,
        type: 3}
      propertyPath: m_LocalRotation.y
      value: -1
      objectReference: {fileID: 0}
    - target: {fileID: 2016121735796023975, guid: b0952a1184bebd54aba9f11dd83851ae,
        type: 3}
      propertyPath: m_LocalRotation.z
      value: -0
      objectReference: {fileID: 0}
    - target: {fileID: 2016121735796023975, guid: b0952a1184bebd54aba9f11dd83851ae,
        type: 3}
      propertyPath: m_LocalRotation.w
      value: 0.00000023841858
      objectReference: {fileID: 0}
    - target: {fileID: 2016121735796023975, guid: b0952a1184bebd54aba9f11dd83851ae,
        type: 3}
      propertyPath: m_RootOrder
      value: 11
      objectReference: {fileID: 0}
    - target: {fileID: 2016121735796023975, guid: b0952a1184bebd54aba9f11dd83851ae,
        type: 3}
      propertyPath: m_LocalEulerAnglesHint.x
      value: 0
      objectReference: {fileID: 0}
    - target: {fileID: 2016121735796023975, guid: b0952a1184bebd54aba9f11dd83851ae,
        type: 3}
      propertyPath: m_LocalEulerAnglesHint.y
      value: 540
      objectReference: {fileID: 0}
    - target: {fileID: 2016121735796023975, guid: b0952a1184bebd54aba9f11dd83851ae,
        type: 3}
      propertyPath: m_LocalEulerAnglesHint.z
      value: 0
      objectReference: {fileID: 0}
    m_RemovedComponents: []
  m_SourcePrefab: {fileID: 100100000, guid: b0952a1184bebd54aba9f11dd83851ae, type: 3}
--- !u!4 &6625079805220078951 stripped
Transform:
  m_CorrespondingSourceObject: {fileID: 2016121735796023975, guid: b0952a1184bebd54aba9f11dd83851ae,
    type: 3}
  m_PrefabInstance: {fileID: 4614983394220124096}
  m_PrefabAsset: {fileID: 0}
--- !u!1001 &4923480092502012101
PrefabInstance:
  m_ObjectHideFlags: 0
  serializedVersion: 2
  m_Modification:
    m_TransformParent: {fileID: 8004847971914817130}
    m_Modifications:
    - target: {fileID: 3117997131435431316, guid: ac785917c2c7a0c4b85ce55ee50c96f4,
        type: 3}
      propertyPath: m_Name
      value: corner (1)
      objectReference: {fileID: 0}
    - target: {fileID: 3117997131435431315, guid: ac785917c2c7a0c4b85ce55ee50c96f4,
        type: 3}
      propertyPath: m_LocalPosition.x
      value: -3
      objectReference: {fileID: 0}
    - target: {fileID: 3117997131435431315, guid: ac785917c2c7a0c4b85ce55ee50c96f4,
        type: 3}
      propertyPath: m_LocalPosition.y
      value: 0
      objectReference: {fileID: 0}
    - target: {fileID: 3117997131435431315, guid: ac785917c2c7a0c4b85ce55ee50c96f4,
        type: 3}
      propertyPath: m_LocalPosition.z
      value: -2
      objectReference: {fileID: 0}
    - target: {fileID: 3117997131435431315, guid: ac785917c2c7a0c4b85ce55ee50c96f4,
        type: 3}
      propertyPath: m_LocalRotation.x
      value: 0
      objectReference: {fileID: 0}
    - target: {fileID: 3117997131435431315, guid: ac785917c2c7a0c4b85ce55ee50c96f4,
        type: 3}
      propertyPath: m_LocalRotation.y
      value: 0
      objectReference: {fileID: 0}
    - target: {fileID: 3117997131435431315, guid: ac785917c2c7a0c4b85ce55ee50c96f4,
        type: 3}
      propertyPath: m_LocalRotation.z
      value: 0
      objectReference: {fileID: 0}
    - target: {fileID: 3117997131435431315, guid: ac785917c2c7a0c4b85ce55ee50c96f4,
        type: 3}
      propertyPath: m_LocalRotation.w
      value: 1
      objectReference: {fileID: 0}
    - target: {fileID: 3117997131435431315, guid: ac785917c2c7a0c4b85ce55ee50c96f4,
        type: 3}
      propertyPath: m_RootOrder
      value: 0
      objectReference: {fileID: 0}
    - target: {fileID: 3117997131435431315, guid: ac785917c2c7a0c4b85ce55ee50c96f4,
        type: 3}
      propertyPath: m_LocalEulerAnglesHint.x
      value: 0
      objectReference: {fileID: 0}
    - target: {fileID: 3117997131435431315, guid: ac785917c2c7a0c4b85ce55ee50c96f4,
        type: 3}
      propertyPath: m_LocalEulerAnglesHint.y
      value: 0
      objectReference: {fileID: 0}
    - target: {fileID: 3117997131435431315, guid: ac785917c2c7a0c4b85ce55ee50c96f4,
        type: 3}
      propertyPath: m_LocalEulerAnglesHint.z
      value: 0
      objectReference: {fileID: 0}
    - target: {fileID: 6190797118993895301, guid: ac785917c2c7a0c4b85ce55ee50c96f4,
        type: 3}
      propertyPath: rightTarget
      value: 
      objectReference: {fileID: 7199558238451749396}
    m_RemovedComponents: []
  m_SourcePrefab: {fileID: 100100000, guid: ac785917c2c7a0c4b85ce55ee50c96f4, type: 3}
--- !u!1 &4657609895203277909 stripped
GameObject:
  m_CorrespondingSourceObject: {fileID: 355943298271394960, guid: ac785917c2c7a0c4b85ce55ee50c96f4,
    type: 3}
  m_PrefabInstance: {fileID: 4923480092502012101}
  m_PrefabAsset: {fileID: 0}
--- !u!4 &5236738372003116810 stripped
Transform:
  m_CorrespondingSourceObject: {fileID: 936492275241650127, guid: ac785917c2c7a0c4b85ce55ee50c96f4,
    type: 3}
  m_PrefabInstance: {fileID: 4923480092502012101}
  m_PrefabAsset: {fileID: 0}
--- !u!1 &8333833658752308079 stripped
GameObject:
  m_CorrespondingSourceObject: {fileID: 4031863510050415530, guid: ac785917c2c7a0c4b85ce55ee50c96f4,
    type: 3}
  m_PrefabInstance: {fileID: 4923480092502012101}
  m_PrefabAsset: {fileID: 0}
--- !u!4 &8004847973168014678 stripped
Transform:
  m_CorrespondingSourceObject: {fileID: 3117997131435431315, guid: ac785917c2c7a0c4b85ce55ee50c96f4,
    type: 3}
  m_PrefabInstance: {fileID: 4923480092502012101}
  m_PrefabAsset: {fileID: 0}
--- !u!1001 &6435940022998912382
PrefabInstance:
  m_ObjectHideFlags: 0
  serializedVersion: 2
  m_Modification:
    m_TransformParent: {fileID: 2115650056577558517}
    m_Modifications:
    - target: {fileID: 2016121735796023968, guid: b0952a1184bebd54aba9f11dd83851ae,
        type: 3}
      propertyPath: m_Name
      value: person (3)
      objectReference: {fileID: 0}
    - target: {fileID: 2016121735796023975, guid: b0952a1184bebd54aba9f11dd83851ae,
        type: 3}
      propertyPath: m_LocalPosition.x
      value: -7.99
      objectReference: {fileID: 0}
    - target: {fileID: 2016121735796023975, guid: b0952a1184bebd54aba9f11dd83851ae,
        type: 3}
      propertyPath: m_LocalPosition.y
      value: 0
      objectReference: {fileID: 0}
    - target: {fileID: 2016121735796023975, guid: b0952a1184bebd54aba9f11dd83851ae,
        type: 3}
      propertyPath: m_LocalPosition.z
      value: -0.5799999
      objectReference: {fileID: 0}
    - target: {fileID: 2016121735796023975, guid: b0952a1184bebd54aba9f11dd83851ae,
        type: 3}
      propertyPath: m_LocalRotation.x
      value: -0
      objectReference: {fileID: 0}
    - target: {fileID: 2016121735796023975, guid: b0952a1184bebd54aba9f11dd83851ae,
        type: 3}
      propertyPath: m_LocalRotation.y
      value: -0.00000047683716
      objectReference: {fileID: 0}
    - target: {fileID: 2016121735796023975, guid: b0952a1184bebd54aba9f11dd83851ae,
        type: 3}
      propertyPath: m_LocalRotation.z
      value: -0
      objectReference: {fileID: 0}
    - target: {fileID: 2016121735796023975, guid: b0952a1184bebd54aba9f11dd83851ae,
        type: 3}
      propertyPath: m_LocalRotation.w
      value: -1
      objectReference: {fileID: 0}
    - target: {fileID: 2016121735796023975, guid: b0952a1184bebd54aba9f11dd83851ae,
        type: 3}
      propertyPath: m_RootOrder
      value: 4
      objectReference: {fileID: 0}
    - target: {fileID: 2016121735796023975, guid: b0952a1184bebd54aba9f11dd83851ae,
        type: 3}
      propertyPath: m_LocalEulerAnglesHint.x
      value: 0
      objectReference: {fileID: 0}
    - target: {fileID: 2016121735796023975, guid: b0952a1184bebd54aba9f11dd83851ae,
        type: 3}
      propertyPath: m_LocalEulerAnglesHint.y
      value: 360
      objectReference: {fileID: 0}
    - target: {fileID: 2016121735796023975, guid: b0952a1184bebd54aba9f11dd83851ae,
        type: 3}
      propertyPath: m_LocalEulerAnglesHint.z
      value: 0
      objectReference: {fileID: 0}
    m_RemovedComponents: []
  m_SourcePrefab: {fileID: 100100000, guid: b0952a1184bebd54aba9f11dd83851ae, type: 3}
--- !u!4 &4804137195743031257 stripped
Transform:
  m_CorrespondingSourceObject: {fileID: 2016121735796023975, guid: b0952a1184bebd54aba9f11dd83851ae,
    type: 3}
  m_PrefabInstance: {fileID: 6435940022998912382}
  m_PrefabAsset: {fileID: 0}
--- !u!1001 &6533069447575398770
PrefabInstance:
  m_ObjectHideFlags: 0
  serializedVersion: 2
  m_Modification:
    m_TransformParent: {fileID: 2115650056577558517}
    m_Modifications:
    - target: {fileID: 2016121735796023968, guid: b0952a1184bebd54aba9f11dd83851ae,
        type: 3}
      propertyPath: m_Name
      value: person
      objectReference: {fileID: 0}
    - target: {fileID: 2016121735796023975, guid: b0952a1184bebd54aba9f11dd83851ae,
        type: 3}
      propertyPath: m_LocalPosition.x
      value: -8.52
      objectReference: {fileID: 0}
    - target: {fileID: 2016121735796023975, guid: b0952a1184bebd54aba9f11dd83851ae,
        type: 3}
      propertyPath: m_LocalPosition.y
      value: 0
      objectReference: {fileID: 0}
    - target: {fileID: 2016121735796023975, guid: b0952a1184bebd54aba9f11dd83851ae,
        type: 3}
      propertyPath: m_LocalPosition.z
      value: 5.67
      objectReference: {fileID: 0}
    - target: {fileID: 2016121735796023975, guid: b0952a1184bebd54aba9f11dd83851ae,
        type: 3}
      propertyPath: m_LocalRotation.x
      value: -0
      objectReference: {fileID: 0}
    - target: {fileID: 2016121735796023975, guid: b0952a1184bebd54aba9f11dd83851ae,
        type: 3}
      propertyPath: m_LocalRotation.y
      value: -0
      objectReference: {fileID: 0}
    - target: {fileID: 2016121735796023975, guid: b0952a1184bebd54aba9f11dd83851ae,
        type: 3}
      propertyPath: m_LocalRotation.z
      value: -0
      objectReference: {fileID: 0}
    - target: {fileID: 2016121735796023975, guid: b0952a1184bebd54aba9f11dd83851ae,
        type: 3}
      propertyPath: m_LocalRotation.w
      value: 1
      objectReference: {fileID: 0}
    - target: {fileID: 2016121735796023975, guid: b0952a1184bebd54aba9f11dd83851ae,
        type: 3}
      propertyPath: m_RootOrder
      value: 0
      objectReference: {fileID: 0}
    - target: {fileID: 2016121735796023975, guid: b0952a1184bebd54aba9f11dd83851ae,
        type: 3}
      propertyPath: m_LocalEulerAnglesHint.x
      value: 0
      objectReference: {fileID: 0}
    - target: {fileID: 2016121735796023975, guid: b0952a1184bebd54aba9f11dd83851ae,
        type: 3}
      propertyPath: m_LocalEulerAnglesHint.y
      value: 0
      objectReference: {fileID: 0}
    - target: {fileID: 2016121735796023975, guid: b0952a1184bebd54aba9f11dd83851ae,
        type: 3}
      propertyPath: m_LocalEulerAnglesHint.z
      value: 0
      objectReference: {fileID: 0}
    m_RemovedComponents: []
  m_SourcePrefab: {fileID: 100100000, guid: b0952a1184bebd54aba9f11dd83851ae, type: 3}
--- !u!4 &4706424363784637397 stripped
Transform:
  m_CorrespondingSourceObject: {fileID: 2016121735796023975, guid: b0952a1184bebd54aba9f11dd83851ae,
    type: 3}
  m_PrefabInstance: {fileID: 6533069447575398770}
  m_PrefabAsset: {fileID: 0}
--- !u!1001 &6690934729861178017
PrefabInstance:
  m_ObjectHideFlags: 0
  serializedVersion: 2
  m_Modification:
    m_TransformParent: {fileID: 2115650056577558517}
    m_Modifications:
    - target: {fileID: 2016121735796023968, guid: b0952a1184bebd54aba9f11dd83851ae,
        type: 3}
      propertyPath: m_Name
      value: person (11)
      objectReference: {fileID: 0}
    - target: {fileID: 2016121735796023975, guid: b0952a1184bebd54aba9f11dd83851ae,
        type: 3}
      propertyPath: m_LocalPosition.x
      value: -1.96
      objectReference: {fileID: 0}
    - target: {fileID: 2016121735796023975, guid: b0952a1184bebd54aba9f11dd83851ae,
        type: 3}
      propertyPath: m_LocalPosition.y
      value: 0
      objectReference: {fileID: 0}
    - target: {fileID: 2016121735796023975, guid: b0952a1184bebd54aba9f11dd83851ae,
        type: 3}
      propertyPath: m_LocalPosition.z
      value: 6.82
      objectReference: {fileID: 0}
    - target: {fileID: 2016121735796023975, guid: b0952a1184bebd54aba9f11dd83851ae,
        type: 3}
      propertyPath: m_LocalRotation.x
      value: -0
      objectReference: {fileID: 0}
    - target: {fileID: 2016121735796023975, guid: b0952a1184bebd54aba9f11dd83851ae,
        type: 3}
      propertyPath: m_LocalRotation.y
      value: 1
      objectReference: {fileID: 0}
    - target: {fileID: 2016121735796023975, guid: b0952a1184bebd54aba9f11dd83851ae,
        type: 3}
      propertyPath: m_LocalRotation.z
      value: -0
      objectReference: {fileID: 0}
    - target: {fileID: 2016121735796023975, guid: b0952a1184bebd54aba9f11dd83851ae,
        type: 3}
      propertyPath: m_LocalRotation.w
      value: -0.00000014901161
      objectReference: {fileID: 0}
    - target: {fileID: 2016121735796023975, guid: b0952a1184bebd54aba9f11dd83851ae,
        type: 3}
      propertyPath: m_RootOrder
      value: 8
      objectReference: {fileID: 0}
    - target: {fileID: 2016121735796023975, guid: b0952a1184bebd54aba9f11dd83851ae,
        type: 3}
      propertyPath: m_LocalEulerAnglesHint.x
      value: 0
      objectReference: {fileID: 0}
    - target: {fileID: 2016121735796023975, guid: b0952a1184bebd54aba9f11dd83851ae,
        type: 3}
      propertyPath: m_LocalEulerAnglesHint.y
      value: 179.99998
      objectReference: {fileID: 0}
    - target: {fileID: 2016121735796023975, guid: b0952a1184bebd54aba9f11dd83851ae,
        type: 3}
      propertyPath: m_LocalEulerAnglesHint.z
      value: 0
      objectReference: {fileID: 0}
    m_RemovedComponents: []
  m_SourcePrefab: {fileID: 100100000, guid: b0952a1184bebd54aba9f11dd83851ae, type: 3}
--- !u!4 &5125181754036174854 stripped
Transform:
  m_CorrespondingSourceObject: {fileID: 2016121735796023975, guid: b0952a1184bebd54aba9f11dd83851ae,
    type: 3}
  m_PrefabInstance: {fileID: 6690934729861178017}
  m_PrefabAsset: {fileID: 0}
--- !u!1001 &6702574202866595157
PrefabInstance:
  m_ObjectHideFlags: 0
  serializedVersion: 2
  m_Modification:
    m_TransformParent: {fileID: 2115650056577558517}
    m_Modifications:
    - target: {fileID: 2016121735796023968, guid: b0952a1184bebd54aba9f11dd83851ae,
        type: 3}
      propertyPath: m_Name
      value: person (4)
      objectReference: {fileID: 0}
    - target: {fileID: 2016121735796023975, guid: b0952a1184bebd54aba9f11dd83851ae,
        type: 3}
      propertyPath: m_LocalPosition.x
      value: -0.76
      objectReference: {fileID: 0}
    - target: {fileID: 2016121735796023975, guid: b0952a1184bebd54aba9f11dd83851ae,
        type: 3}
      propertyPath: m_LocalPosition.y
      value: 0
      objectReference: {fileID: 0}
    - target: {fileID: 2016121735796023975, guid: b0952a1184bebd54aba9f11dd83851ae,
        type: 3}
      propertyPath: m_LocalPosition.z
      value: 5.7652826
      objectReference: {fileID: 0}
    - target: {fileID: 2016121735796023975, guid: b0952a1184bebd54aba9f11dd83851ae,
        type: 3}
      propertyPath: m_LocalRotation.x
      value: -0
      objectReference: {fileID: 0}
    - target: {fileID: 2016121735796023975, guid: b0952a1184bebd54aba9f11dd83851ae,
        type: 3}
      propertyPath: m_LocalRotation.y
      value: 0.7071069
      objectReference: {fileID: 0}
    - target: {fileID: 2016121735796023975, guid: b0952a1184bebd54aba9f11dd83851ae,
        type: 3}
      propertyPath: m_LocalRotation.z
      value: -0
      objectReference: {fileID: 0}
    - target: {fileID: 2016121735796023975, guid: b0952a1184bebd54aba9f11dd83851ae,
        type: 3}
      propertyPath: m_LocalRotation.w
      value: 0.70710677
      objectReference: {fileID: 0}
    - target: {fileID: 2016121735796023975, guid: b0952a1184bebd54aba9f11dd83851ae,
        type: 3}
      propertyPath: m_RootOrder
      value: 6
      objectReference: {fileID: 0}
    - target: {fileID: 2016121735796023975, guid: b0952a1184bebd54aba9f11dd83851ae,
        type: 3}
      propertyPath: m_LocalEulerAnglesHint.x
      value: 0
      objectReference: {fileID: 0}
    - target: {fileID: 2016121735796023975, guid: b0952a1184bebd54aba9f11dd83851ae,
        type: 3}
      propertyPath: m_LocalEulerAnglesHint.y
      value: 90.00001
      objectReference: {fileID: 0}
    - target: {fileID: 2016121735796023975, guid: b0952a1184bebd54aba9f11dd83851ae,
        type: 3}
      propertyPath: m_LocalEulerAnglesHint.z
      value: 0
      objectReference: {fileID: 0}
    m_RemovedComponents: []
  m_SourcePrefab: {fileID: 100100000, guid: b0952a1184bebd54aba9f11dd83851ae, type: 3}
--- !u!4 &5115780972601645042 stripped
Transform:
  m_CorrespondingSourceObject: {fileID: 2016121735796023975, guid: b0952a1184bebd54aba9f11dd83851ae,
    type: 3}
  m_PrefabInstance: {fileID: 6702574202866595157}
  m_PrefabAsset: {fileID: 0}
--- !u!1001 &8004847971299363462
PrefabInstance:
  m_ObjectHideFlags: 0
  serializedVersion: 2
  m_Modification:
    m_TransformParent: {fileID: 8004847971914817130}
    m_Modifications:
    - target: {fileID: 3117997131435431316, guid: ac785917c2c7a0c4b85ce55ee50c96f4,
        type: 3}
      propertyPath: m_Name
      value: corner (4)
      objectReference: {fileID: 0}
    - target: {fileID: 3117997131435431315, guid: ac785917c2c7a0c4b85ce55ee50c96f4,
        type: 3}
      propertyPath: m_LocalPosition.x
      value: -3
      objectReference: {fileID: 0}
    - target: {fileID: 3117997131435431315, guid: ac785917c2c7a0c4b85ce55ee50c96f4,
        type: 3}
      propertyPath: m_LocalPosition.y
      value: 0
      objectReference: {fileID: 0}
    - target: {fileID: 3117997131435431315, guid: ac785917c2c7a0c4b85ce55ee50c96f4,
        type: 3}
      propertyPath: m_LocalPosition.z
      value: 3
      objectReference: {fileID: 0}
    - target: {fileID: 3117997131435431315, guid: ac785917c2c7a0c4b85ce55ee50c96f4,
        type: 3}
      propertyPath: m_LocalRotation.x
      value: -0
      objectReference: {fileID: 0}
    - target: {fileID: 3117997131435431315, guid: ac785917c2c7a0c4b85ce55ee50c96f4,
        type: 3}
      propertyPath: m_LocalRotation.y
      value: 0.7071057
      objectReference: {fileID: 0}
    - target: {fileID: 3117997131435431315, guid: ac785917c2c7a0c4b85ce55ee50c96f4,
        type: 3}
      propertyPath: m_LocalRotation.z
      value: -0
      objectReference: {fileID: 0}
    - target: {fileID: 3117997131435431315, guid: ac785917c2c7a0c4b85ce55ee50c96f4,
        type: 3}
      propertyPath: m_LocalRotation.w
      value: 0.7071079
      objectReference: {fileID: 0}
    - target: {fileID: 3117997131435431315, guid: ac785917c2c7a0c4b85ce55ee50c96f4,
        type: 3}
      propertyPath: m_RootOrder
      value: 3
      objectReference: {fileID: 0}
    - target: {fileID: 3117997131435431315, guid: ac785917c2c7a0c4b85ce55ee50c96f4,
        type: 3}
      propertyPath: m_LocalEulerAnglesHint.x
      value: 0
      objectReference: {fileID: 0}
    - target: {fileID: 3117997131435431315, guid: ac785917c2c7a0c4b85ce55ee50c96f4,
        type: 3}
      propertyPath: m_LocalEulerAnglesHint.y
      value: 90.00001
      objectReference: {fileID: 0}
    - target: {fileID: 3117997131435431315, guid: ac785917c2c7a0c4b85ce55ee50c96f4,
        type: 3}
      propertyPath: m_LocalEulerAnglesHint.z
      value: 0
      objectReference: {fileID: 0}
    - target: {fileID: 6190797118993895301, guid: ac785917c2c7a0c4b85ce55ee50c96f4,
        type: 3}
      propertyPath: rightTarget
      value: 
      objectReference: {fileID: 5236738372003116810}
    m_RemovedComponents: []
  m_SourcePrefab: {fileID: 100100000, guid: ac785917c2c7a0c4b85ce55ee50c96f4, type: 3}
--- !u!1 &6404928261408958764 stripped
GameObject:
  m_CorrespondingSourceObject: {fileID: 4031863510050415530, guid: ac785917c2c7a0c4b85ce55ee50c96f4,
    type: 3}
  m_PrefabInstance: {fileID: 8004847971299363462}
  m_PrefabAsset: {fileID: 0}
--- !u!1 &7775040734933792278 stripped
GameObject:
  m_CorrespondingSourceObject: {fileID: 355943298271394960, guid: ac785917c2c7a0c4b85ce55ee50c96f4,
    type: 3}
  m_PrefabInstance: {fileID: 8004847971299363462}
  m_PrefabAsset: {fileID: 0}
--- !u!4 &7199558238656990537 stripped
Transform:
  m_CorrespondingSourceObject: {fileID: 936492275241650127, guid: ac785917c2c7a0c4b85ce55ee50c96f4,
    type: 3}
  m_PrefabInstance: {fileID: 8004847971299363462}
  m_PrefabAsset: {fileID: 0}
--- !u!4 &4923480090679664405 stripped
Transform:
  m_CorrespondingSourceObject: {fileID: 3117997131435431315, guid: ac785917c2c7a0c4b85ce55ee50c96f4,
    type: 3}
  m_PrefabInstance: {fileID: 8004847971299363462}
  m_PrefabAsset: {fileID: 0}
--- !u!1001 &8004847971492916309
PrefabInstance:
  m_ObjectHideFlags: 0
  serializedVersion: 2
  m_Modification:
    m_TransformParent: {fileID: 8004847971914817130}
    m_Modifications:
    - target: {fileID: 3117997131435431316, guid: ac785917c2c7a0c4b85ce55ee50c96f4,
        type: 3}
      propertyPath: m_Name
      value: corner (3)
      objectReference: {fileID: 0}
    - target: {fileID: 3117997131435431315, guid: ac785917c2c7a0c4b85ce55ee50c96f4,
        type: 3}
      propertyPath: m_LocalPosition.x
      value: 2
      objectReference: {fileID: 0}
    - target: {fileID: 3117997131435431315, guid: ac785917c2c7a0c4b85ce55ee50c96f4,
        type: 3}
      propertyPath: m_LocalPosition.y
      value: 0
      objectReference: {fileID: 0}
    - target: {fileID: 3117997131435431315, guid: ac785917c2c7a0c4b85ce55ee50c96f4,
        type: 3}
      propertyPath: m_LocalPosition.z
      value: 3
      objectReference: {fileID: 0}
    - target: {fileID: 3117997131435431315, guid: ac785917c2c7a0c4b85ce55ee50c96f4,
        type: 3}
      propertyPath: m_LocalRotation.x
      value: -0
      objectReference: {fileID: 0}
    - target: {fileID: 3117997131435431315, guid: ac785917c2c7a0c4b85ce55ee50c96f4,
        type: 3}
      propertyPath: m_LocalRotation.y
      value: -1
      objectReference: {fileID: 0}
    - target: {fileID: 3117997131435431315, guid: ac785917c2c7a0c4b85ce55ee50c96f4,
        type: 3}
      propertyPath: m_LocalRotation.z
      value: -0
      objectReference: {fileID: 0}
    - target: {fileID: 3117997131435431315, guid: ac785917c2c7a0c4b85ce55ee50c96f4,
        type: 3}
      propertyPath: m_LocalRotation.w
      value: 0.0000029504295
      objectReference: {fileID: 0}
    - target: {fileID: 3117997131435431315, guid: ac785917c2c7a0c4b85ce55ee50c96f4,
        type: 3}
      propertyPath: m_RootOrder
      value: 2
      objectReference: {fileID: 0}
    - target: {fileID: 3117997131435431315, guid: ac785917c2c7a0c4b85ce55ee50c96f4,
        type: 3}
      propertyPath: m_LocalEulerAnglesHint.x
      value: 0
      objectReference: {fileID: 0}
    - target: {fileID: 3117997131435431315, guid: ac785917c2c7a0c4b85ce55ee50c96f4,
        type: 3}
      propertyPath: m_LocalEulerAnglesHint.y
      value: -180.00002
      objectReference: {fileID: 0}
    - target: {fileID: 3117997131435431315, guid: ac785917c2c7a0c4b85ce55ee50c96f4,
        type: 3}
      propertyPath: m_LocalEulerAnglesHint.z
      value: 0
      objectReference: {fileID: 0}
    - target: {fileID: 6190797118993895301, guid: ac785917c2c7a0c4b85ce55ee50c96f4,
        type: 3}
      propertyPath: rightTarget
      value: 
      objectReference: {fileID: 7199558238656990537}
    m_RemovedComponents: []
  m_SourcePrefab: {fileID: 100100000, guid: ac785917c2c7a0c4b85ce55ee50c96f4, type: 3}
--- !u!1 &6404928261368664063 stripped
GameObject:
  m_CorrespondingSourceObject: {fileID: 4031863510050415530, guid: ac785917c2c7a0c4b85ce55ee50c96f4,
    type: 3}
  m_PrefabInstance: {fileID: 8004847971492916309}
  m_PrefabAsset: {fileID: 0}
--- !u!4 &7199558238566247322 stripped
Transform:
  m_CorrespondingSourceObject: {fileID: 936492275241650127, guid: ac785917c2c7a0c4b85ce55ee50c96f4,
    type: 3}
  m_PrefabInstance: {fileID: 8004847971492916309}
  m_PrefabAsset: {fileID: 0}
--- !u!1 &7775040734674211013 stripped
GameObject:
  m_CorrespondingSourceObject: {fileID: 355943298271394960, guid: ac785917c2c7a0c4b85ce55ee50c96f4,
    type: 3}
  m_PrefabInstance: {fileID: 8004847971492916309}
  m_PrefabAsset: {fileID: 0}
--- !u!4 &4923480090688502214 stripped
Transform:
  m_CorrespondingSourceObject: {fileID: 3117997131435431315, guid: ac785917c2c7a0c4b85ce55ee50c96f4,
    type: 3}
  m_PrefabInstance: {fileID: 8004847971492916309}
  m_PrefabAsset: {fileID: 0}
--- !u!1001 &8004847971630470619
PrefabInstance:
  m_ObjectHideFlags: 0
  serializedVersion: 2
  m_Modification:
    m_TransformParent: {fileID: 8004847971914817130}
    m_Modifications:
    - target: {fileID: 3117997131435431316, guid: ac785917c2c7a0c4b85ce55ee50c96f4,
        type: 3}
      propertyPath: m_Name
      value: corner (2)
      objectReference: {fileID: 0}
    - target: {fileID: 3117997131435431315, guid: ac785917c2c7a0c4b85ce55ee50c96f4,
        type: 3}
      propertyPath: m_LocalPosition.x
      value: 2
      objectReference: {fileID: 0}
    - target: {fileID: 3117997131435431315, guid: ac785917c2c7a0c4b85ce55ee50c96f4,
        type: 3}
      propertyPath: m_LocalPosition.y
      value: 0
      objectReference: {fileID: 0}
    - target: {fileID: 3117997131435431315, guid: ac785917c2c7a0c4b85ce55ee50c96f4,
        type: 3}
      propertyPath: m_LocalPosition.z
      value: -2
      objectReference: {fileID: 0}
    - target: {fileID: 3117997131435431315, guid: ac785917c2c7a0c4b85ce55ee50c96f4,
        type: 3}
      propertyPath: m_LocalRotation.x
      value: 0
      objectReference: {fileID: 0}
    - target: {fileID: 3117997131435431315, guid: ac785917c2c7a0c4b85ce55ee50c96f4,
        type: 3}
      propertyPath: m_LocalRotation.y
      value: -0.7071068
      objectReference: {fileID: 0}
    - target: {fileID: 3117997131435431315, guid: ac785917c2c7a0c4b85ce55ee50c96f4,
        type: 3}
      propertyPath: m_LocalRotation.z
      value: 0
      objectReference: {fileID: 0}
    - target: {fileID: 3117997131435431315, guid: ac785917c2c7a0c4b85ce55ee50c96f4,
        type: 3}
      propertyPath: m_LocalRotation.w
      value: 0.7071068
      objectReference: {fileID: 0}
    - target: {fileID: 3117997131435431315, guid: ac785917c2c7a0c4b85ce55ee50c96f4,
        type: 3}
      propertyPath: m_RootOrder
      value: 1
      objectReference: {fileID: 0}
    - target: {fileID: 3117997131435431315, guid: ac785917c2c7a0c4b85ce55ee50c96f4,
        type: 3}
      propertyPath: m_LocalEulerAnglesHint.x
      value: 0
      objectReference: {fileID: 0}
    - target: {fileID: 3117997131435431315, guid: ac785917c2c7a0c4b85ce55ee50c96f4,
        type: 3}
      propertyPath: m_LocalEulerAnglesHint.y
      value: -90
      objectReference: {fileID: 0}
    - target: {fileID: 3117997131435431315, guid: ac785917c2c7a0c4b85ce55ee50c96f4,
        type: 3}
      propertyPath: m_LocalEulerAnglesHint.z
      value: 0
      objectReference: {fileID: 0}
    - target: {fileID: 6190797118993895301, guid: ac785917c2c7a0c4b85ce55ee50c96f4,
        type: 3}
      propertyPath: rightTarget
      value: 
      objectReference: {fileID: 7199558238566247322}
    m_RemovedComponents: []
  m_SourcePrefab: {fileID: 100100000, guid: ac785917c2c7a0c4b85ce55ee50c96f4, type: 3}
--- !u!4 &4923480090885423176 stripped
Transform:
  m_CorrespondingSourceObject: {fileID: 3117997131435431315, guid: ac785917c2c7a0c4b85ce55ee50c96f4,
    type: 3}
  m_PrefabInstance: {fileID: 8004847971630470619}
  m_PrefabAsset: {fileID: 0}
--- !u!1 &6404928261748455025 stripped
GameObject:
  m_CorrespondingSourceObject: {fileID: 4031863510050415530, guid: ac785917c2c7a0c4b85ce55ee50c96f4,
    type: 3}
  m_PrefabInstance: {fileID: 8004847971630470619}
  m_PrefabAsset: {fileID: 0}
--- !u!4 &7199558238451749396 stripped
Transform:
  m_CorrespondingSourceObject: {fileID: 936492275241650127, guid: ac785917c2c7a0c4b85ce55ee50c96f4,
    type: 3}
  m_PrefabInstance: {fileID: 8004847971630470619}
  m_PrefabAsset: {fileID: 0}
--- !u!1 &7775040734594328907 stripped
GameObject:
  m_CorrespondingSourceObject: {fileID: 355943298271394960, guid: ac785917c2c7a0c4b85ce55ee50c96f4,
    type: 3}
  m_PrefabInstance: {fileID: 8004847971630470619}
  m_PrefabAsset: {fileID: 0}
--- !u!1001 &8675441888103345130
PrefabInstance:
  m_ObjectHideFlags: 0
  serializedVersion: 2
  m_Modification:
    m_TransformParent: {fileID: 2115650056577558517}
    m_Modifications:
    - target: {fileID: 2016121735796023968, guid: b0952a1184bebd54aba9f11dd83851ae,
        type: 3}
      propertyPath: m_Name
      value: person (6)
      objectReference: {fileID: 0}
    - target: {fileID: 2016121735796023975, guid: b0952a1184bebd54aba9f11dd83851ae,
        type: 3}
      propertyPath: m_LocalPosition.x
      value: -1.24
      objectReference: {fileID: 0}
    - target: {fileID: 2016121735796023975, guid: b0952a1184bebd54aba9f11dd83851ae,
        type: 3}
      propertyPath: m_LocalPosition.y
      value: 0
      objectReference: {fileID: 0}
    - target: {fileID: 2016121735796023975, guid: b0952a1184bebd54aba9f11dd83851ae,
        type: 3}
      propertyPath: m_LocalPosition.z
      value: -1.6799998
      objectReference: {fileID: 0}
    - target: {fileID: 2016121735796023975, guid: b0952a1184bebd54aba9f11dd83851ae,
        type: 3}
      propertyPath: m_LocalRotation.x
      value: -0
      objectReference: {fileID: 0}
    - target: {fileID: 2016121735796023975, guid: b0952a1184bebd54aba9f11dd83851ae,
        type: 3}
      propertyPath: m_LocalRotation.y
      value: 0.70710635
      objectReference: {fileID: 0}
    - target: {fileID: 2016121735796023975, guid: b0952a1184bebd54aba9f11dd83851ae,
        type: 3}
      propertyPath: m_LocalRotation.z
      value: -0
      objectReference: {fileID: 0}
    - target: {fileID: 2016121735796023975, guid: b0952a1184bebd54aba9f11dd83851ae,
        type: 3}
      propertyPath: m_LocalRotation.w
      value: -0.70710725
      objectReference: {fileID: 0}
    - target: {fileID: 2016121735796023975, guid: b0952a1184bebd54aba9f11dd83851ae,
        type: 3}
      propertyPath: m_RootOrder
      value: 9
      objectReference: {fileID: 0}
    - target: {fileID: 2016121735796023975, guid: b0952a1184bebd54aba9f11dd83851ae,
        type: 3}
      propertyPath: m_LocalEulerAnglesHint.x
      value: 0
      objectReference: {fileID: 0}
    - target: {fileID: 2016121735796023975, guid: b0952a1184bebd54aba9f11dd83851ae,
        type: 3}
      propertyPath: m_LocalEulerAnglesHint.y
      value: 270
      objectReference: {fileID: 0}
    - target: {fileID: 2016121735796023975, guid: b0952a1184bebd54aba9f11dd83851ae,
        type: 3}
      propertyPath: m_LocalEulerAnglesHint.z
      value: 0
      objectReference: {fileID: 0}
    m_RemovedComponents: []
  m_SourcePrefab: {fileID: 100100000, guid: b0952a1184bebd54aba9f11dd83851ae, type: 3}
--- !u!4 &7178711862947694925 stripped
Transform:
  m_CorrespondingSourceObject: {fileID: 2016121735796023975, guid: b0952a1184bebd54aba9f11dd83851ae,
    type: 3}
  m_PrefabInstance: {fileID: 8675441888103345130}
  m_PrefabAsset: {fileID: 0}
--- !u!1001 &9148941444992226841
PrefabInstance:
  m_ObjectHideFlags: 0
  serializedVersion: 2
  m_Modification:
    m_TransformParent: {fileID: 2115650056577558517}
    m_Modifications:
    - target: {fileID: 2016121735796023968, guid: b0952a1184bebd54aba9f11dd83851ae,
        type: 3}
      propertyPath: m_Name
      value: person (7)
      objectReference: {fileID: 0}
    - target: {fileID: 2016121735796023975, guid: b0952a1184bebd54aba9f11dd83851ae,
        type: 3}
      propertyPath: m_LocalPosition.x
      value: -0.48999977
      objectReference: {fileID: 0}
    - target: {fileID: 2016121735796023975, guid: b0952a1184bebd54aba9f11dd83851ae,
        type: 3}
      propertyPath: m_LocalPosition.y
      value: 0
      objectReference: {fileID: 0}
    - target: {fileID: 2016121735796023975, guid: b0952a1184bebd54aba9f11dd83851ae,
        type: 3}
      propertyPath: m_LocalPosition.z
      value: -0.20000005
      objectReference: {fileID: 0}
    - target: {fileID: 2016121735796023975, guid: b0952a1184bebd54aba9f11dd83851ae,
        type: 3}
      propertyPath: m_LocalRotation.x
      value: -0
      objectReference: {fileID: 0}
    - target: {fileID: 2016121735796023975, guid: b0952a1184bebd54aba9f11dd83851ae,
        type: 3}
      propertyPath: m_LocalRotation.y
      value: -0.70710665
      objectReference: {fileID: 0}
    - target: {fileID: 2016121735796023975, guid: b0952a1184bebd54aba9f11dd83851ae,
        type: 3}
      propertyPath: m_LocalRotation.z
      value: -0
      objectReference: {fileID: 0}
    - target: {fileID: 2016121735796023975, guid: b0952a1184bebd54aba9f11dd83851ae,
        type: 3}
      propertyPath: m_LocalRotation.w
      value: 0.70710695
      objectReference: {fileID: 0}
    - target: {fileID: 2016121735796023975, guid: b0952a1184bebd54aba9f11dd83851ae,
        type: 3}
      propertyPath: m_RootOrder
      value: 10
      objectReference: {fileID: 0}
    - target: {fileID: 2016121735796023975, guid: b0952a1184bebd54aba9f11dd83851ae,
        type: 3}
      propertyPath: m_LocalEulerAnglesHint.x
      value: 0
      objectReference: {fileID: 0}
    - target: {fileID: 2016121735796023975, guid: b0952a1184bebd54aba9f11dd83851ae,
        type: 3}
      propertyPath: m_LocalEulerAnglesHint.y
      value: 630
      objectReference: {fileID: 0}
    - target: {fileID: 2016121735796023975, guid: b0952a1184bebd54aba9f11dd83851ae,
        type: 3}
      propertyPath: m_LocalEulerAnglesHint.z
      value: 0
      objectReference: {fileID: 0}
    m_RemovedComponents: []
  m_SourcePrefab: {fileID: 100100000, guid: b0952a1184bebd54aba9f11dd83851ae, type: 3}
--- !u!4 &7281517730858841278 stripped
Transform:
  m_CorrespondingSourceObject: {fileID: 2016121735796023975, guid: b0952a1184bebd54aba9f11dd83851ae,
    type: 3}
  m_PrefabInstance: {fileID: 9148941444992226841}
  m_PrefabAsset: {fileID: 0}
